@INPROCEEDINGS{Bimonte2005a,
 AUTHOR = {Sandro {Bimonte} and Anne {Tchounikine} and Maryvonne {Miquel}},
 TITLE = {Towards a Spatial Multidimensional Model},
 BOOKTITLE = {DOLAP'05},
 YEAR = {2005},
 PAGES = {39--46},
 PUBLISHER = {ACM},
 url = {http://www.cis.drexel.edu/faculty/song/dolap/dolap05/paper/p39-bimonte.pdf},	
 topic = "OLAP",
	subtopic = "Spatio-Temporal Applications"

}


@article{zakermodel2009,
	author="Zaker, M., Phon-Amnuaisuk, S., and Haw, S.C.",
	title="Hierarchical Denormalizing: A Possibility to Optimize the Data Warehouse Design  ",
	journal="International Journal of Computer",
	Volume=2,
	number=1,
	year=2009,
	pages={143--150},
	url="http://www.naun.org/journals/computers/ijcomputers-117.pdf",
	topic="Data Warehousing",
	subtopic="Modeling"
}

@inproceedings{lars2007,
	author="Lars Brumester and Matthias Goeken",
	title="Multidimensional Reference Models for Data Warehouse Development",
	booktitle="ICEIS 2007",
	year="2007",
	url="http://www.frankfurt-school.de/dms/publications_it_governance/C3_414_Goeken/C3_414_Goeken.pdf",
	topic="Data Warehousing",
	subtopic="Modeling"
}
@inproceedings{goeken2006,
	author="Matthias Goeken and Ralf Knacksted",
	title="Method for User Oriented Modelling of Data Warehouse Systems",
	booktitle="ICEIS 2006",
	year="2006",
	url="http://www.frankfurt-school.de/dms/publications_it_governance/C3_414_Goeken/C3_414_Goeken.pdf",
	topic="Data Warehousing",
	subtopic="Modeling" 
}


@inproceedings{zhou2007,
	author="Jingren Zhou and Paul Larson and Hicham G. Elmongui",
	title="Lazy Maintenance of Materialized Views",
	booktitle="VLDB 2007",
	year="2007",
	url="http://www.cs.purdue.edu/homes/elmongui/papers/VLDB07-LazyMaintenance.pdf",
	topic="Data Warehousing",
	subtopic="Warehouse Maintenance"
}

@inproceedings{burdick2007,
	author="Doug Burdick and AnHai Doan and Raghu Ramakrishnan and Shivakumar Vaithyanathan",
	title="{OLAP} over Imprecise Data with Domain Constraints",
booktitle="VLDB 2007",
	year="2007",
	url="http://pages.cs.wisc.edu/~anhai/papers/olap-vldb07.pdf",
  topic = "OLAP",
  subtopic = "Imprecise Data"

}
@TechReport{calumo,
  title = 	 "{{White paper on OLAP Data Scalability}}",
  institution =  "Calumo",
  year = 	 2002,
  url="http://www.calumo.com/pdf/OLAP-Data-Scalability-and-Data-Explosion-white-paper.pdf",
	topic = "OLAP",
	subtopic = "White Papers"
}



@article{yin2006exe,
  title={{Evaluating XML-Extended OLAP Queries Based on a Physical Algebra}},
  author={Yin, X. and Pedersen, T.B.},
  journal={Journal of Database Management},
  volume={17},
  number={2},
  pages={85--116},
  year={2006},
  url = {http://scholar.google.com/url?sa=U&q=http://www.cs.dal.ca/~eem/malnis/Readings/CIKM2004/docs/e73.pdf},
  topic = "OLAP",
  subtopic = "XML"
}


@inproceedings{chen2006cep,
  title={{cgmOLAP: Efficient Parallel Generation and Querying of Terabyte Size ROLAP Data Cubes}},
  author={Chen, Y. and Rau-Chaplin, A. and Dehne, F. and Eavis, T. and Green, D. and Sithirasenan, E.},
  booktitle={ICDE'06},
  year={2006},
  url={http://users.cs.dal.ca/~arc/publications/2-37/paper.pdf#search=%22cgmOLAP%3A%20Efficient%20Parallel%20Generation%20and%20Querying%20of%20Terabyte%20Size%20ROLAP%20Data%20Cubes%22},
        	topic="OLAP",
	subtopic="Query evaluation - Parallel"

}

@article{dehne2006,
         author="Frank Dehne and Todd Eavis and Andrew Rau-Chaplin",
        title={{The cgmCUBE project: Optimizing parallel data cube generation for ROLAP}}, 
        journal="Distributed and Parallel Databases", 
        volume="19",
        number="1",
        month="January",
        year="2006",
        pages="29--62",
        url="http://users.cs.dal.ca/~arc/publications/1-24/paper.pdf",
        	topic="OLAP",
	subtopic="Query evaluation - Parallel"
}
@article{shah2006,
        author="B. Shah and K. Ramachandran and V. Raghavan and H. Gupta",
	title={{A Hybrid Approach for Data Warehouse View Selection}}, 
	journal={{International Journal of Data Warehousing and Mining}},
        year="2006",
        url ={http://www.cacs.louisiana.edu/~bns0742/homepage/Publications/IJDWM-Final-PostRevisions.pdf},
	topic = "Data Warehousing",
	subtopic = "Selecting Views to Materialize"
}


@article{sung2006,
author="Sam Y. Sung and Yao Liu and Hui Xiong and Peter A. Ng", 
title={Privacy preservation for data cubes},
journal="Knowledge and Information Systems", 
volume="9",
number="1",
url="http://www.google.ca/url?sa=U&start=1&q=http://csdl.computer.org/comp/proceedings/icde/2004/2065/00/20650826.pdf&e=9797",
month="January",
year="2006",
pages="38--61",
	topic = "OLAP",
	subtopic = "Privacy"
}

@TechReport{mdxhyperion,
  title = 	 "{{MDX Allows Complex, Multidimensional Queries}}",
  institution =  "Hyperion Developer Network",
  year = 	 2004,
  month =	 "April",
  url="http://dev.hyperion.com/resource_library/white_papers/mdx.pdf",
	topic = "OLAP",
	subtopic = "White Papers"
}



@inproceedings{1031777,
 author = {Riadh Ben Messaoud and Omar Boussaid and Sabine Rabaseda},
  title = {{A new OLAP aggregation based on the AHC technique}},
   booktitle = {DOLAP '04: Proceedings of the 7th ACM international workshop on Data warehousing and OLAP},
    year = {2004},
     isbn = {1-58113-977-2},
      pages = {65--72},
       location = {Washington, DC, USA},
        doi = {http://doi.acm.org/10.1145/1031763.1031777},
         publisher = {ACM Press},
          address = {New York, NY, USA},
          url = "http://www.ececs.uc.edu/%7Edolap04/DOLAPdocs/papers/ben-messaoud.pdf",
topic = "OLAP",
subtopic = "Clustering"
          
           }
@article{974136,
 author = {Tim Martyn},
 title = {Reconsidering Multi-Dimensional schemas},
 journal = {SIGMOD Rec.},
 volume = {33},
 number = {1},
 year = {2004},
 issn = {0163-5808},
 pages = {83--88},
 doi = {http://doi.acm.org/10.1145/974121.974136},
 publisher = {ACM Press},
 address = {New York, NY, USA},
 url = "http://www.sigmod.org/sigmod/record/issues/0403/B6.Martyn_6page.pdf",
topic = "OLAP",
subtopic = "Modeling"
 }


@InProceedings{sdm05,
author = {{Jian Pei and Moonjung Cho and David Cheung}},
title = {{Cross Table Cubing: Mining Iceberg Cubes from Data Warehouses}},
booktitle = {{SDM'05}},
url= "http://www.csis.hku.hk/%7Edcheung/publication/sdm05.pdf",
year = {{2005}},
topic = "OLAP",
subtopic = "Query evaluation - Iceberg"
}

@Book{Sullivan2001,
publisher = {{John Wiley \& Sons}},
title = {{Document Warehousing and Text Mining: Techniques for Improving Business Operations, Marketing, and Sales}},
author = {{D. Sullivan}},
year = {{2001}},
	topic = "Data Warehousing",
	subtopic = "Text Mining",
	url = "http://www.amazon.com/exec/obidos/tg/detail/-/0471399590/002-5524910-7515225?v=glance"
}

@inproceedings{345656,
 author = {{M. C. McCabe and J. Lee and A. Chowdhury and D. Grossman and O. Frieder}},
 title = {{On the design and evaluation of a multi-dimensional approach to information retrieval}},
 booktitle = {{SIGIR '00}},
 year = {{2000}},
 isbn = {{1-58113-226-3}},
 pages = {{363--365}},
 location = {{Athens, Greece}},
 doi = {{http://doi.acm.org/10.1145/345508.345656}},
 publisher = {{ACM Press}},
 address = {{New York, NY, USA}},
	topic = "OLAP",
	subtopic = "Information Retrieval" ,
	url = "http://www.ir.iit.edu/publications/downloads/sigir2k.pdf"
}
@String{ jasist= {Journal of the American Society for Information Science and Technology}}

@Article{moth:doccube,
  author = 	 {Josiane Mothe and Claude Chrisment and Bernard Dousset and
Joel Alaux},
  title = 	 {{{DocCube}}: Multi-Dimensional Visualization and Exploration
of Large Document Sets},
  journal = 	 jasist,
  year = 	 2003,
  volume =	 54,
  number =	 7,
  pages =	 {{650--659}},
  url = "http://www.irit.fr/recherches/IRI/SIG/personnes/mothe/pub/JASIST03.pdf",
	topic = "OLAP",
	subtopic = "Information Retrieval"  
}


@TechReport{KeyKaserLemireTR05001,
   author    = {{Steven Keith and Owen Kaser and Daniel Lemire}},
   title     = {{Analyzing Large Collections of Electronic Text Using OLAP}},
   institution = {{UNBSJ CSAS}},
   year      = {{2005}},
   month={{June}},
   number ={{TR-05-001}},
   url = {{http://www.daniel-lemire.com/fr/documents/publications/tr05-001.pdf}},
	topic = "Data Warehousing",
	subtopic = "Text Mining"
}

@inproceedings{ravatdawak2008,
  author={Franck Ravat and Olivier Teste and Ronan Tournier and Gilles Zurfluh},
title={{Top_Keyword}: An Aggregation Function for Textual Document {OLAP}},
booktitle={DaWaK 2008},
pages={55--64},
year={2008},
url={ftp://ftp.irit.fr/IRIT/SIG/%5BTournier-08%5D%20DaWaK%20Top_Keyword.pdf},
topic = "Data Warehousing",
subtopic = "Text Mining"
}
@inproceedings{ravaticeis2007,
  author={Franck Ravat and Olivier Teste and Ronan Tournier and Gilles Zurfluh},
title={{OLAP} aggregation function for textual data warehouse},
booktitle={ICEIS 2007},
pages={151--156},
year={2007},
url={ftp://ftp.irit.fr/IRIT/SIG/ICEIS_Agg.pdf},
topic = "Data Warehousing",
subtopic = "Text Mining"
}


@comment{{what follows was contributed by songting chen}}
@inproceedings{SongtingChen1,
        author="Songting Chen and Elke A Rundensteiner", 
        url="http://davis.wpi.edu/dsrg/icde05-gpivot.pdf",
	title={{GPIVOT: Efficient Incremental Maintenance of Complex ROLAP Views}}, 
	booktitle={{ICDE}},
	year="2005", 
	topic = "Data Warehousing",
	subtopic = "Warehouse Maintenance"
}
 @inproceedings{SongtingChen2,
        author="Songting Chen and Bin Liu and Elke A. Rundensteiner", 
        url="http://davis.wpi.edu/dsrg/EVE/PAPERS/er-journal-2004.pdf",
	title={{Multiversion Based View Maintenance Over Distributed Data Sources}}, 
	booktitle={{ACM TODS}},
	year="2004", 
	topic = "Data Warehousing",
	subtopic = "Warehouse Maintenance"
}
 @inproceedings{SongtingChen3,
        author="Songting Chen, Jun Chen, Xin Zhang and Elke A. Rundensteiner", 
        url="http://davis.wpi.edu/dsrg/dyda2.pdf",
	title="Detection and Correction of Conflicting Source Updates for View
        Maintenance", 
	booktitle={{ICDE}},
	year="2004", 
	topic = "Data Warehousing",
	subtopic = "Warehouse Maintenance"
}
 

@comment{{what follows was contributed by hahne}}

@inproceedings{MH:conf/dw/Hahne04,
  author    = {{Michael Hahne and Lothar Burow and Torben Elvers}},
  title     = {{XML-Datenimport in das SAP Business Information Warehouse bei Bayer MaterialScience}},
  booktitle = {{Auf dem Weg zur Integration Factory}},
  year      = {{2005}},
  pages     = {{231-251}},
  url        = {{http://www.hahneonline.de/paper/DW2004_Hahne_paper.pdf}},
  crossref  = {{MH:conf/dw/2004}},
  bibsource = {{MH, http://www.hahneonline.de}},
  topic     = {{Data Warehousing}},
  subtopic  = {{Data integration}}
}

@inproceedings{MH:conf/mkwi/Hahne04,
  author    = {{Michael Hahne}},
  title     = {{Grafische Repr{\"a}sentation mehrdimensionaler Datenmodelle des SAP Business Information Warehouse}},
  booktitle = {{Multikonferenz Wirtschaftsinformatik (MKWI) 2004}},
  year      = {{2003}},
  pages     = {{152-166}},
  url        = {{http://www.hahneonline.de/paper/MKWI2004_Hahne_paper.pdf}},
  crossref  = {{MH:conf/mkwi/2004}},
  bibsource = {{MH, http://www.hahneonline.de}},
  topic     = {{Data Warehousing}},
  subtopic  = {{Design}}
}


@inproceedings{MH:conf/ce/Hahne03,
  author    = {{Michael Hahne}},
  title     = {{Time aspects in SAP Business Information Warehouse}},
  booktitle = {{Concurrent Engineering - Enhanced Interoperable Systems}},
  year      = {{2003}},
  pages     = {{69-74}},
  url        = {{http://www.hahneonline.de/paper/CE03_Hahne_paper.pdf}},
  crossref  = {{MH:conf/ce/2003}},
  bibsource = {{MH, http://www.hahneonline.de}},
  topic     = {{Data Warehousing}},
  subtopic  = {{Design}}
}

@inproceedings{MH:conf/btw/Hahne03,
  author    = {{Michael Hahne}},
  title     = {{Logische Datenmodellierung zur Abbildung mehrdimensionaler Datenstrukturen im SAP Business Information Warehouse}},
  booktitle = {{BTW}},
  year      = {{2003}},
  pages     = {{630-647}},
  url        = {{http://www.hahneonline.de/paper/BTW2003_Hahne_paper.pdf}},
  crossref  = {{MH:conf/btw/2003}},
  bibsource = {{MH, http://www.hahneonline.de}},
  topic     = {{Data Warehousing}},
  subtopic  = {{Design}}
}

@inproceedings{MH:conf/dw/Hahne02,
  author    = {{Michael Hahne}},
  title     = {{Transformation mehrdimensionaler Datenmodelle}},
  booktitle = {{Vom Data Warehouse zum Corporate Knowledge Center}},
  year      = {{2002}},
  pages     = {{399-420}},
  url        = {{http://www.hahneonline.de/paper/DW2002_Hahne_paper.pdf}},
  crossref  = {{MH:conf/dw/2002}},
  bibsource = {{MH, http://www.hahneonline.de}},
  topic     = {{Data Warehousing}},
  subtopic  = {{Data integration}}
}



@comment{{end of what was contributed by hahne}}






@Article{pede:md-db-tech,
  author = 	 "Torben Bach Pedersen and Christian S. Jensen",
  title = 	 "Multidimensional Database Technology",
  journal = 	 {{IEEE Computer}},
  year = 	 2001,
  pages =	 {{40--46}},
  month =	 "December",
  url = 	{{http://infolab.usc.edu/csci599/Fall2002/paper/I1_pederson_p40.pdf}},
  topic="OLAP",
  subtopic="General"
}


@Article{chau:db-tech-dss,
  author = 	 "Surajit Chaudhuri and Umeshwar Dayal and Venkatesh Ganti",
  title = 	 "Database Technology for Decision Support Systems",
  journal = 	 {{IEEE Computer}},
  year = 	 2001,
  pages =	 {{48--55}},
  month =	 "December",
  url= {{http://www-courses.cs.uiuc.edu/%7Ecs591han/papers/chaud01.pdf}},
	topic = "Data Warehousing",
  subtopic="General"  
}

@article{ravat2010,
author={Franck Ravat and Olivier Teste and Ronan Tournier and Gilles Zurfluh},
title={Finding an application-appropriate model for {XML} data warehouses},
journal={Information Systems},
volume={35},
number={6},
pages={662--687},
year={2010},
url={ftp://ftp.irit.fr/IRIT/SIG/%5BTournier-10%5D%20IS%20Survey%20XML%20DW%20OLAP.pdf},
	topic = "Data Warehousing",
subtopic="General"
}
@misc{peterindia,
  title={{Database Design Articles, Overviews, and Resources}},
  author="P. Raj",
  url="http://www.peterindia.net/CyberPage.html",
	topic = "Data Warehousing",
	subtopic = "General"
}
@misc{freedatawarehouseolap,
	author="freedatawarehouse.com",
	title={{Microsoft Analysis Services Tutorial}},
	url="http://freedatawarehouse.com/tutorials/msatutorial/Microsoft%20Analysis%20Services%20Tutorial.aspx",
	topic="OLAP",
	subtopic="Vendor Specific"
}

@misc{freedatawarehousedw,
	author="freedatawarehouse.com",
	title={{Dimensional Modeling Tutorial}},
	url="http://freedatawarehouse.com/tutorials/dmtutorial/Dimensional%20Modeling%20Tutorial.aspx",
	topic="Data Warehousing",
	subtopic="Design"
}

@Article{ng:compression-statistical,
  author = 	 "Wee-Keong Ng and Chinya V. Ravishankar",
  title = 	 "Block-Oriented Compression Techniques for Large Statistical Databases",
  journal = 	 "IEEE KDE",
  year = 	 "1997",
  volume =	 "9",
  number =	 "2",
  pages =	 "314--328",
  topic="OLAP",
  subtopic="Storage and Chunks",
  url="http://citeseer.ist.psu.edu/ng95blockoriented.html"
}



@misc{dolap,
	title={{DOLAP: ACM International Workshop on Data Warehousing and OLAP}},
	url= "http://www.cis.drexel.edu/faculty/song/dolap.html",
	topic = "Conferences, Journals, and Workshops",
	subtopic  = "Workshops"
}
@misc{sigmod,
   title={{ACM SIGMOD}},
   url="http://www.informatik.uni-trier.de/~ley/db/conf/sigmod/index.html",
  topic="Conferences, Journals, and Workshops",
  subtopic="Conferences",
}
@misc{eda,
   title={{EDA:  Journee francophone sur
les Entrepots de Donnees et l'Analyse en ligne}},
  topic="Conferences, Journals, and Workshops",
  subtopic="Conferences",
}
@misc{iceis,
   title={{ICEIS:  International Conference on Enterprise Information Systems}},
  topic="Conferences, Journals, and Workshops",
  subtopic="Conferences",
  url="http://www.iceis.org/"
}

@misc{webist,
   title={{WEBIST:  International Conference on Web Information Systems and Technologies}},
  topic="Conferences, Journals, and Workshops",
  subtopic="Conferences",
  url="http://www.webist.org/"
}
@misc{pods,
   title={{PODS: Symposium on Principles of Database Systems}},
   url="http://www.acm.org/sigmod/pods/index.html",
  topic="Conferences, Journals, and Workshops",
  subtopic="Conferences",
} 
@misc{vldb,
	title={{VLDB: Very Large Data Base}},
	url= "http://www.vldb.org",
	topic = "Conferences, Journals, and Workshops",
	subtopic  = "Conferences"
}

@misc{edbt,
	title={{EDBT: Extending Database Technology}},
	url= "http://www.edbt.org",
	topic = "Conferences, Journals, and Workshops",
	subtopic  = "Conferences"
}

@misc{icdt,
	title={{ICDT: International Conference on Database Theory}},
	url= "http://alpha.luc.ac.be/~lucp1080/icdt/",
	topic = "Conferences, Journals, and Workshops",
	subtopic  = "Conferences"
}


@misc{icde,
	title={{ICDE: International Conference on Data Engineering}},
	url= "http://www.informatik.uni-trier.de/~ley/db/conf/icde/index.html",
	topic = "Conferences, Journals, and Workshops",
	subtopic  = "Conferences"
}


@misc{cascon,
	title={{CASCON: IBM Center for Advanced Studies Conference}},
	url= "https://www-927.ibm.com/ibm/cas/cascon/",
	topic = "Conferences, Journals, and Workshops",
	subtopic  = "Workshops"
}


@misc {jdwm,
        url="http://www.idea-group.com/journals/details.asp?id=4291",
        title="{{International Journal of Data Warehousing and Mining}}",
	topic = "Conferences, Journals, and Workshops",
	subtopic  = "Journals"
}

@misc {vldbjournal,
        url="http://www.springerlink.com/(ymdz3u55vetelw24s2que255)/app/home/journal.asp?referrer=parent&backto=linkingpublicationresults,1:100392,1",
        title="{{VLDB Journal}}",
	topic = "Conferences, Journals, and Workshops",
	subtopic  = "Journals"
}

@misc {dke,
        url="http://www.sciencedirect.com/science?_ob=JournalURL&_cdi=5630&_auth=y&_acct=C000050221&_version=1&_urlVersion=0&_userid=10&md5=682ff0b4227d2a15a4a3a054d75f26a5",
        title="{{Data and Knowledge Engineering}}",
	topic = "Conferences, Journals, and Workshops",
	subtopic  = "Journals"
}

@misc {is,
        url="http://www.sciencedirect.com/science?_ob=JournalURL&_cdi=5643&_auth=y&_acct=C000050221&_version=1&_urlVersion=0&_userid=10&md5=aca00f93d3587068de1e03722a6b000b",
        title="{{Information Sciences}}",
	topic = "Conferences, Journals, and Workshops",
	subtopic  = "Journals"
}
@misc {ipl,
        url="http://www.elsevier.com/locate/ipl",
        title="{{Information Processing Letters}}",
	topic = "Conferences, Journals, and Workshops",
	subtopic  = "Journals"
}



@misc{dawak,
	title={{DAWAK: Data Warehousing and Knowledge Discovery}},
	url= "http://www.dexa.org",
	topic = "Conferences, Journals, and Workshops",
	subtopic  = "Workshops"
}

@misc{dssresources,
	author="D.J. Power",
	title={{Decision Support Systems Researcher Resources}},
	url="http://www.dssresources.com/researchers/index.html",
	topic="OLAP",
	subtopic="General"
}

@misc{msolap,
	author="Mosha Pasumansky",
	title={{Microsoft {OLAP} and Analysis Services}},
	url="http://www.mosha.com/msolap/",
	topic="OLAP",
	subtopic="Vendor Specific"
}

@misc{dwinfocenter,
        author="Larry Greenfield",
	title={{Data Warehousing Information Center}},
	url= "http://www.dwinfocenter.org/",
	topic = "Data Warehousing",
	subtopic = "General"
}

@misc{dwonline,
	title={{Data Warehousing Online}},
	url= "http://www.datawarehousingonline.com/",
	topic = "Data Warehousing",
	subtopic = "General"
}      

@misc{dwknowledgecenter,
	title={{Data Warehousing Knowledge Center}},
	url= "http://www.datawarehouse.org/",
	topic = "Data Warehousing",
	subtopic = "General"
}      

@inproceedings{widom95,
	author="Jennifer Widom",
	url="ftp://db.stanford.edu/pub/papers/warehouse-research.ps",
	title={{Research Problems in Data Warehousing}},
	booktitle={{Int'l Conf. on Information and Knowledge Management}},
	year="1995",
	topic = "Data Warehousing",
	subtopic = "General"
}
       
@inproceedings{wu97,
       	author="M.C. Wu and  A.P. Buchmann", 
        url="http://www.dvs1.informatik.tu-darmstadt.de/staff/wu/btwllncs.ps.gz",
	title={{Research Issues in Data Warehousing}},
	booktitle={{BTW}},
	city = "Ulm",
	year = "1997",
	month = "March",
	topic = "Data Warehousing",
  	subtopic = "General"
}      

@inproceedings{fernandez96,
	author = "Phillip M. Fernandez and Donovan Schneider", 
        url="http://www-6.ibm.com/jp/software/data/developer/library/techdoc/pdf/sigmod96.pdf",
	title={{The Ins and Outs (and everything in between) of Data Warehousing}},
	booktitle={{ACM SIGMOD}},
	year="1996",
        note="SIGMOD membership required",
	topic = "Data Warehousing",
   	subtopic = "General"
}

@book{kimball96,
	author="R. Kimball", 
        url="http://rkimball.com/html/books.html",
	title={{The Data Warehouse Toolkit}}, 
	publisher="John Wiley", 
	year="1996", 
	note ="and other books",
	topic = "Data Warehousing",
    	subtopic = "General"
}

@inproceedings{kimball96,
	author="R. Kimball",
        url="http://rkimball.com/html/articles.html",
	title={{Various articles from Intelligent Enterprise  magazine}},
	topic = "Data Warehousing",
	subtopic = "General"
}
   
@article{Chaudhuri97,
   	author="Surajit Chaudhuri and Umesh Dayal", 
        url="http://www.acm.org/sigmod/record/issues/9703/chaudhuri.ps",
	title={{An Overview of Data Warehousing and {OLAP} Technology}},
        journal="ACM SIGMOD Record",
	volume="26",
	number="1", 
	month="March",
	year="1997",
	topic = "Data Warehousing",
	subtopic = "General"
}
@inproceedings{Garcia-Molina98,
        author="Hector Garcia-Molina and Wilburt Juan Labio and Janet Wiener and  Yue Zhuge",
        url="http://www-db.stanford.edu/%7Ewilburt/distrib.ps",
	title={{Distributed and Parallel Computing Issues in Data Warehousing}},
        booktitle={{PODC}},
	year="1998",
	topic = "Data Warehousing",
	subtopic = "Query evaluation - Parallel"
}
   


@inproceedings{lowellreport,
   	author="J. Gray and H. Schek and M. Stonebraker and J. Ullman",
	url="http://research.microsoft.com/%7Egray/lowell/LowellDatabaseResearchSelfAssessment.pdf",
	title={{Lowell Report}}, 
	year="2003",
	topic = "Data Warehousing",
	subtopic = "General"
}

@article{Roussopoulos95,
        author="N. Roussopoulos and C.M. Chen and S. Kelley and A. Delis and Y.Papakonstantinou", 
	title={{The {Maryland ADMS Project}: {Views R Us}}},        
        url="ftp://ftp.research.microsoft.com/pub/debull/june95-letfinal.ps",
	journal="IEEE Data Engineering Bulletin", 
	volume="18",
	number="2",
	pages="19--28", 
	month="June",
	year="1995",
	topic = "Data Warehousing",
	subtopic = "Projects"
}
	
@TechReport{Barclay04,
        author="Tom Barclay and Jim Gray and Wyman Chong", 
	title={{TerraServer Bricks -- A High Availability Cluster Alternative}},        
        url="ftp://ftp.research.microsoft.com/pub/tr/TR-2004-107.pdf",
  institution =  "Microsoft Research",
  year = 	 2004,
  number =	 {{MSR-TR-2004-107}},
  month =	 "October",
topic = "Data Warehousing",
	subtopic = "Projects"
}
	      
@article{zhou95,
        author="G. Zhou and R. Hull and R. King and J.-C. Franchitti",
        title={{Supporting Data Integration and Warehousing Using {H2O}}}, 
        url="ftp://ftp.research.microsoft.com/pub/debull/june95-letfinal.ps",
        journal="IEEE Data Engineering Bulletin", 
	volume="18",
	number="2",
	pages="29-40", 
	month="June",
        year="1995",
	topic = "Data Warehousing",
	subtopic = "Data integration"
}
      
      
@article{hammer95,
        author="J. Hammer and H. Garcia-Molina and W. Labio and J. Widom and Y. Zhuge", 
        url2="ftp://db.stanford.edu/pub/papers/whips-overview.ps",
	title={{The {Stanford} Data Warehousing Project}}, 
        url="ftp://ftp.research.microsoft.com/pub/debull/june95-letfinal.ps",   
        journal="IEEE Data Engineering Bulletin", 
	volume="18",
	number="2",
	pages="41--48", 
	month="June",
        year="1995",
	topic = "Data Warehousing",
	subtopic = "Projects"
}
 

@inproceedings{Jarke97,
        author="M. Jarke and Y. Vassiliou",
        url="http://www.dblab.ntua.gr/%7Edwq/iq97_dwq.pdf",
	title={{Data Warehouse Quality Design: A Review of the {DWQ} Project}},
	booktitle={{Information Quality}},
	year="1997",
	topic = "Data Warehousing",
	subtopic = "Projects"
}

@inproceedings{Gupta99,
	author="H. Gupta and D. Srivastava",
        url="http://www-db.stanford.edu/%7Ehgupta/ps/dawn.ps",
	title={{The Data Warehouse of Newsgroups}},
	booktitle={{International Conference on Database Theory}}, 
	month="January",
        year="1999",
	topic = "Data Warehousing",
	subtopic = "Projects"
}      


@inproceedings{Calvanese98,
        author="D. Calvanese and G. De Giacomo and M. Lenzerini and D. Nardi and R. Rosati", 
        url="http://www.dblab.ntua.gr/%7Edwq/DWDOT-98_dwq.pdf",
	title={{Source Integration in Data Warehousing}},
	booktitle={{DEXA'98}}, 
	pages="192--197", 
	year="1998",
	topic = "Data Warehousing",
	subtopic = "Data integration"
}
	
	
	
	
@inproceedings{Zhuge95,
        author="Y. Zhuge and H. Garcia-Molina and J. Hammer and J. Widom", 
        url="ftp://db.stanford.edu/pub/papers/anomaly-full.ps",
	url2="ftp://db.stanford.edu/pub/papers/anomaly-short.ps",
	title={{View Maintenance in a Warehousing Environment}}, 
	booktitle={{ACM SIGMOD}},
	year="1995", 
	pages="316--327", 
	topic = "Data Warehousing",
	subtopic = "Warehouse Maintenance"
}
      
      
@COMMENT{@article{Gupta95,
        author="A. Gupta and I. S. Mumick",
        url="http://www.research.microsoft.com/research/db/debull/issues-list.htm",
	title={{Maintenance of Materialized Views: Problems, Techniques, and Applications}}, 
	journal="Data Engineering Bulletin", 
	month="June",
        year="1995",
	topic = "Data Warehousing",
	subtopic = "Warehouse Maintenance"
}}
      
     
@article{Zhou96,
        author="G. Zhou and R. Hull and R. King", 
        url="http://citeseer.ist.psu.edu/zhou96generating.html",
	title={{Generating Data Integration Mediators that Use Materialization}},
	journal="Journal of Intelligent Information Systems",
	volume="3",
	number="2",
	month="May",
	year="1996", 
	pages="99--221",
	topic = "Data Warehousing",
	subtopic = "Warehouse Maintenance"
} 
     
      
@inproceedings{Huyn96,
        author="N. Huyn",
        url="ftp://db.stanford.edu/pub/papers/cqvsm.ps",
	title={{Efficient View Self-Maintenance}},
	booktitle={{ACM Workshop on Materialized Views: Techniques and Applications}}, 
	month="June",
	year="1996",
	topic = "Data Warehousing",
	subtopic = "Warehouse Maintenance"
} 
     
      
@inproceedings{Quass96,
        author="D. Quass",
        url="ftp://db.stanford.edu/pub/papers/view-aggr.ps",
	title={{Maintenance Expressions for Views with Aggregation}},
	booktitle={{ACM Workshop on Materialized Views: Techniques and Applications}}, 
	month="June",
	year="1996",
	topic = "Data Warehousing",
	subtopic = "Warehouse Maintenance"
} 
     
      
@inproceedings{Scheuermann96,
        author="P. Scheuermann and J. Shim and R. Vingralek", 
        url="http://www.informatik.uni-trier.de/%7Eley/db/conf/vldb/ScheuermannSV96.html",
	title={{WATCHMAN: A Data Warehouse Intelligent Cache Manager}},
        booktitle={{VLDB}},
	year="1996", 
	pages="51--62",
	topic = "Data Warehousing",
	subtopic = "Warehouse Maintenance"
} 
     
      
@techreport{labio96,
        author="W.J. Labio and H. Garcia-Molina", 
        url="http://www-db.stanford.edu/pub/papers/window.ps",
	title={{Efficient Snapshot Differential Algorithms for Data Warehousing}},
	booktitle={{VLDB}},
	year="1996", 
	pages="63--74", 
	topic = "Data Warehousing",
	subtopic = "Warehouse Maintenance"
} 
     
      
@inproceedings{staudt96,
        author="M. Staudt and M. Jarke",
        url="http://www.informatik.uni-trier.de/%7Eley/db/conf/vldb/StaudtJ96.html",
	title={{Incremental Maintenance of Externally Materialized Views}},
	booktitle={{VLDB}},
	year="1996", 
	pages="75--86",
	topic = "Data Warehousing",
	subtopic = "Warehouse Maintenance"
} 
     
      
@inproceedings{Quass96,
        author="D. Quass and A. Gupta and I.S. Mumick and J. Widom", 
        url="ftp://db.stanford.edu/pub/papers/sm.ps",
	title={{Making Views Self-Maintainable for Data Warehousing}},
	booktitle={{PDIS}},
	year="1996",
	month="December",
	topic = "Data Warehousing",
	subtopic = "Warehouse Maintenance"
} 
     
      
@inproceedings{Zhuge96,
        author="Y. Zhuge and H. Garcia-Molina and J. L. Wiener", 
        url="ftp://db.stanford.edu/pub/papers/strobe.ps",
	title={{The Strobe Algorithms for Multi-Source Warehouse Consistency}},
	booktitle={{PDIS}},
	year="1996", 
	month="December",
	topic = "Data Warehousing",
	subtopic = "Warehouse Maintenance"
} 
     
      
@inproceedings{Wiener96,
        author="J.L. Wiener and H. Gupta and W.J. Labio and Y. Zhuge and H. Garcia-Molina and J. Widom", 
        url="ftp://db.stanford.edu/pub/papers/whips-arch.ps",
	title={{A System Prototype for Warehouse View Maintenance}},
        booktitle={{ACM Workshop on Materialized Views: Techniques and Applications}}, 
	pages="26--33", 
	month="June",
	year="1996",
	topic = "Data Warehousing",
	subtopic = "Warehouse Maintenance"
} 
     
      
@inproceedings{Zhuge97,
        author="Y. Zhuge and J. L. Wiener and H. Garcia-Molina", 
        url="ftp://db.stanford.edu/pub/papers/mvc.ps",
	title={{Multiple View Consistency for Data Warehousing}},
	booktitle={{ICDE}},
	year="1997",
	topic = "Data Warehousing",
	subtopic = "Warehouse Maintenance"
} 
     
      
@inproceedings{Huyn97,
        author="N. Huyn", 
        url="http://www-db.stanford.edu/%7Ehuyn/papers/mvsm-vldb97.ps",
	title={{Multiple-view self-maintenance in data warehousing environments}}, 
	booktitle={{VLDB}},
	year="1997",
	pages="26--35",
	topic = "Data Warehousing",
	subtopic = "Warehouse Maintenance"
} 
     
      
@inproceedings{Jagadish97,
        author="H.V. Jagadish and P.P.S. Narayan and S. Seshadri and S. Sudarshan and R. Kanneganti", 
        url="http://www.informatik.uni-trier.de/%7Eley/db/conf/vldb/JagadishNSSK97.html",
	title={{Incremental organization for data recording and warehousing}},
	booktitle={{VLDB}},
	year="1997", 
	pages="16--25",
	topic = "Data Warehousing",
	subtopic = "Warehouse Maintenance"
} 
     
      
@inproceedings{Mumick97,
        author="I.S. Mumick and D. Quass and B.S. Mumick", 
        url="ftp://db.stanford.edu/pub/papers/cube-maint-sigmod.ps",
	title={{Maintenance of data cubes and summary tables in a  warehouse}},
	booktitle={{ACM SIGMOD}},
	year="1997", 
	pages="100-111",
	topic = "Data Warehousing",
	subtopic = "Warehouse Maintenance"
} 
     
      
@inproceedings{Quassonline97,
        author="D. Quass and J. Widom",
        url="ftp://db.stanford.edu/pub/papers/online.ps",
	title={{On-Line Warehouse View Maintenance for Batch Updates}},
	booktitle={{ACM SIGMOD}},
	year="1997", 
	pages="393--404",
	topic = "Data Warehousing",
	subtopic = "Warehouse Maintenance"
} 
     
      
@inproceedings{Yang98,
        author="J. Yang and J. Widom", 
        url="ftp://db.stanford.edu/pub/papers/yw-tempview.ps",
	title={{Maintaining Temporal Views Over Non-Historical Information Sources  For Data Warehousing}},
	month="February",
	year="1998",
	booktitle={{ICDE}},
	topic = "Data Warehousing",
	subtopic = "Warehouse Maintenance"
} 
     
      
@inproceedings{Zhugestructure,
        author="Y. Zhuge and H. Garcia-Molina",
        url="ftp://db.stanford.edu/pub/papers/zg-gsviews.ps",
	title={{Graph Structured Views and Their Incremental Maintenance}},
	booktitle={{ICDE}},
	year = "1998",
	topic = "Data Warehousing",
	subtopic = "Warehouse Maintenance"
} 
     
      
@inproceedings{ZhugeConsistency,
        author="Y. Zhuge and H. Garcia-Molina and J. L. Wiener", 
        url="ftp://db.stanford.edu/pub/papers/dapd.ps",
	title={{Consistency Algorithms for Multi-Source Warehouse View Maintenance}},
	journal="Journal of Distributed and Parallel Databases", 
	month="July", 
	year="1997",
	topic = "Data Warehousing",
	subtopic = "Warehouse Maintenance"
} 
     
      
@inproceedings{Garcia-MolinaExpiring,
        author="H. Garcia-Molina and  W. Labio and J. Yang",
        url="http://www-db.stanford.edu/pub/papers/vsmexpire.ps",
	title={{Expiring Data in a Warehouse}},
	booktitle={{VLDB}},
	year = "1998",
	topic = "Data Warehousing",
	subtopic = "Warehouse Maintenance"
} 
     
      
@inproceedings{HurtadoMaintaining,
        author="Carlos Hurtado and Alberto Mendelzon and Alejandro Vaisman", 
        url="http://citeseer.ist.psu.edu/hurtado99maintaining.html",
	title={{Maintaining Data Cubes under Dimension Updates}},
        booktitle={{ICDE}},
	year="1999",
	topic = "OLAP",
	subtopic = "Cube Maintenance"
} 
     
      
@inproceedings{Labio99,
        author="Wilburt Juan Labio and Ramana Yerneni and Hector Garcia-Molina",
        url="http://www-db.stanford.edu/%7Ewilburt/publications/vm.ps",
	title={{Shrinking the Warehouse Update Window}},
	booktitle={{ACM SIGMOD}},
	year="1999",
	topic = "Data Warehousing",
	subtopic = "Warehouse Maintenance"
} 
     
      
@inproceedings{HurtadoUpdating,
        author="Carlos Hurtado and Alberto Mendelzon and Alejandro Vaisman",
        url="http://www.cs.toronto.edu/%7Echl/papers/dolap99.ps",
	title={{Updating {OLAP} Dimensions}},
	booktitle={{DOLAP}},
	city="Kansas City",
        month="November",
	year="1999", 
	pages="60--66",
	topic = "Data Warehousing",
	subtopic = "Warehouse Maintenance"
} 
     
      
@inproceedings{VassiliadisQuality-Oriented,
        author="P. Vassiliadis and M. Bouzeghoub and C. Quix",
        url="http://www.dbnet.ece.ntua.gr/%7Edwq/p41.pdf",
	title={{Towards Quality-Oriented Data Warehouse Usage and Evolution}},
        booktitle={{CAiSE}},
	year="1999",
	city="Heidelberg", 
	country="Germany", 
	note="best paper",
	topic = "Data Warehousing",
	subtopic = "Warehouse Maintenance"
} 
     
      
@inproceedings{BouzeghoubModeling,
        author="M. Bouzeghoub and F. Fabret and M. Matulovic", 
        url="http://www.dbnet.ece.ntua.gr/%7Edwq/p32.pdf",
	title={{Modeling Data Warehouse Refreshment Process as a Workflow Application}},
	booktitle={{DMDW}},
	year="1999",
	city="Heidelberg",
	month="June",
	topic = "Data Warehousing",
	subtopic = "Warehouse Maintenance"
} 

@inproceedings{RizziOpenproblems,
	url="http://sunsite.informatik.rwth-aachen.de/Publications/CEUR-WS//Vol-77/keynote.pdf",
	title={{Open problems in data warehousing: eight years later}},
	author="Stefano Rizzi",
	note="Keynote slides",
	booktitle={{DMDW}},
	year="2003",
	month="September",
	topic = "Data Warehousing",
	subtopic = "General"
} 

@inproceedings{Lujan-MoraComprehensive,
	url="http://sunsite.informatik.rwth-aachen.de/Publications/CEUR-WS//Vol-77/01_Lujan.ps",
	title={{A Comprehensive Method for Data Warehouse Design}},
	author="Sergio Lujan-Mora and Juan Trujillo",
	booktitle={{DMDW}},
	year="2003",
	month="September",
	topic = "Data Warehousing",
	subtopic = "Design"
}

@inproceedings{SchneiderWell-formed,
	url="http://sunsite.informatik.rwth-aachen.de/Publications/CEUR-WS//Vol-77/02_Schneider.pdf",
	title={{Well-formed data warehouse structures}},
	author="Michel Schneider",
	booktitle={{DMDW}},
	year="2003",
	month="September",
	topic = "Data Warehousing",
	subtopic = "Design"
}



@inproceedings{PeraltaDesign,
	url="http://sunsite.informatik.rwth-aachen.de/Publications/CEUR-WS//Vol-77/03_Peralta.pdf",
	title={{Using Design Guidelines to Improve Data Warehouse Logical Design}},
	author="Veronika Peralta and Raul Ruggia",
	booktitle={{DMDW}},
	year="2003",
	month="September",
	topic = "Data Warehousing",
	subtopic = "Design"
} 




@inproceedings{NiemiGrid,
	url="http://sunsite.informatik.rwth-aachen.de/Publications/CEUR-WS//Vol-77/04_Niemi.ps",
	title={{Applying Grid Technologies to {XML} Based {OLAP} Cube Construction}},
	author="Tapio Niemi and Marko Niinimaki and Jyrki Nummenmaa and Peter Thanisch",
	booktitle={{DMDW}},
	year="2003",
	month="September",
	topic = "OLAP",
	subtopic = "XML"
} 

@inproceedings{Weir2003,
	url="http://sunsite.informatik.rwth-aachen.de/Publications/CEUR-WS//Vol-77/05_Weir.pdf",
	title={{Best Practice for Implementing a Data Warehouse: A Review for Strategic Alignment}},
	author="Rob Weir and Taoxin Peng and Jon Kerridge",
	booktitle={{DMDW}},
	year="2003",
	month="September",
	topic = "Data Warehousing",
	subtopic = "General"
} 


@inproceedings{Zghal2003,
	url="http://sunsite.informatik.rwth-aachen.de/Publications/CEUR-WS//Vol-77/06_Zghal.pdf",
	title={{CASME: A CASE Tool for Spatial Data Marts Design and Generation}},
	author="Hajer Baazaoui Zghal and  Sami Faiz and Henda Ben Ghezala",
	booktitle={{DMDW}},
	year="2003",
	month="September",
	topic = "Data Warehousing",
	subtopic = "Design"
} 


@inproceedings{Nicola2003,
	url="http://sunsite.informatik.rwth-aachen.de/Publications/CEUR-WS//Vol-77/07_Nicola.pdf",
	title={{Storage Layout and {I/O} Performance in Data Warehouses}},
	author="Matthias Nicola and Haider Rizvi",
	booktitle={{DMDW}},
	year="2003",
	month="September",
	topic = "Data Warehousing",
	subtopic = "Performance and Storage"
} 

@inproceedings{Adzic2003,
	url="http://sunsite.informatik.rwth-aachen.de/Publications/CEUR-WS//Vol-77/08_Adzic.pdf",
	title={{Data Warehouse Population Platform}},
	author="Jovanka Adzic and Valter Fiore",
	booktitle={{DMDW}},
	year="2003",
	month="September",
	topic = "Data Warehousing",
	subtopic = "Projects"
} 

@inproceedings{Bastien2003,
	url="http://sunsite.informatik.rwth-aachen.de/Publications/CEUR-WS//Vol-77/09_Bastien.pdf",
	title={{Accessing multidimensional Data Types in Oracle 9i Release 2}},
	author="Marc Bastien",
	booktitle={{DMDW}},
	year="2003",
	month="September",
	topic = "Data Warehousing",
	subtopic = "Vendor Specific"
} 

      
@inproceedings{Cui2000,
        author="Y. Cui and J. Widom",
        url="http://www-db.stanford.edu/pub/papers/trace.ps",
	title={{Practical Lineage Trac ing in Data Warehouses}},
	booktitle={{ICDE}},
	year="2000",
	topic = "Data Warehousing",
	subtopic = "Warehouse Maintenance"
} 
     
      
@inproceedings{Yang2000,
        author="J. Yang and J. Widom",
        url="http://www-db.stanford.edu/%7Ejunyang/papers/yw-tempsm.ps",
	title={{Making Temporal Views Self-Maintainable for Data Warehousing}},
	booktitle={{ICDE}},
	year = "2000",
	topic = "Data Warehousing",
	subtopic = "Warehouse Maintenance"
} 
     
     
@inproceedings{CuiLineage,
        author="Yingwei Cui and Jennifer Widom",
        url="http://dbpubs.stanford.edu:8090/pub/2001-5",
	title={{Lineage Tracing for General Data Warehouse Transformations}},
	booktitle={{VLDB}},
	month="September",
	year = "2001",
	topic = "Data Warehousing",
	subtopic = "Warehouse Maintenance"
} 
     
      
@article{GuptaAdapting,
      	author="A. Gupta and I. S. Mumick and J. Rao and K. A. Ross", 
	url="http://www.cs.columbia.edu/%7Ekar/pubsk/adaptation.ps",
	title={{Adapting Materialized Views After Redefinitions: Techniques and a Performance Study}},
	journal="Information Systems", 
	note="Special issue on Data Warehousing",
	year="2001", 
	topic = "Data Warehousing",
	subtopic = "Warehouse Maintenance"
} 



@inproceedings{Harinarayan96,
        author="V. Harinarayan and A. Rajaraman and J.D. Ullman", 
        url="http://www-db.stanford.edu/pub/papers/cube.ps",
	title={{Implementing Data Cubes Efficiently}},
	booktitle={{ACM SIGMOD}},
	year="1996",
        pages="205--216",
	topic = "Data Warehousing",
	subtopic = "Selecting Views to Materialize"
} 
     
      
@inproceedings{Gupta97Views,
        author="H. Gupta",
        url="http://www-db.stanford.edu/%7Ehgupta/ps/SelectionViews.ps",
	title={{Selection of Views to Materialize in a Data Warehouse}}, 
	booktitle={{Intl. Conf. on Database Theory}},
        year="1997",
	topic = "Data Warehousing",
	subtopic = "Selecting Views to Materialize"
} 

	
      
@inproceedings{Theodoratos97,
        author="D. Theodoratos and T. Sellis",
        url="http://www.informatik.uni-trier.de/%7Eley/db/conf/vldb/TheodoratosS97.html",
	title={{Data warehouse configuration}},
	booktitle={{VLDB}},
	year="1997",
	pages="126--135",
	topic = "Data Warehousing",
	subtopic = "Selecting Views to Materialize"
} 

	
      
@inproceedings{Yang97,
        author="J. Yang and K. Karlapalem and Q. Li",
        url="http://www.informatik.uni-trier.de/%7Eley/db/conf/vldb/YangKL97.html",
	title={{Algorithms for materialized view design in data warehousing environment}},
	booktitle={{VLDB}},
	year="1997",
	pages="136--145",
	topic = "Data Warehousing",
	subtopic = "Selecting Views to Materialize"
} 

	
      
@article{BaralisMaterialized,
        author="E. Baralis and S. Paraboschi and E. Teniente", 
        url="http://www.cacs.louisiana.edu/~bns0742/homepage/Publications/IJDWM-Final-PostRevisions.pdf",
	title={{A Hybrid Approach for Data Warehouse View Selection}}, 
	journal={{International Journal of Data Warehousing and Mining}},
	year="2006",
        volume="2",
        number="2",
	pages="1--37",
	topic = "Data Warehousing",
	subtopic = "Selecting Views to Materialize"
} 
@inproceedings{BaralisMaterialized,
        author="E. Baralis and S. Paraboschi and E. Teniente", 
        url="http://www.informatik.uni-trier.de/%7Eley/db/conf/vldb/BaralisPT97.html",
	title={{Materialized view selection in a multidimensional database}}, 
	booktitle={{VLDB}},
	year="1997",
	pages="156--165",
	topic = "Data Warehousing",
	subtopic = "Selecting Views to Materialize"
}
	
      
@inproceedings{GuptaSelection99,
        author="H. Gupta and I.S. Mumick",
        url="http://www-db.stanford.edu/%7Ehgupta/ps/update.ps",
	title={{Selection of Views to Materialize Under a Maintenance-Time Constraint}},
	booktitle={{International Conference on Database Theory}},
	year="1999",
	topic = "Data Warehousing",
	subtopic = "Selecting Views to Materialize"
} 

	
      
@inproceedings{KotidisDynaMat99,
        author="Yannis Kotidis and Nick Roussopoulos", 
        url="http://www.cs.umd.edu/%7Enick/papers/sig99.ps",
	title={{DynaMat: A Dynamic View Management System for Data Warehouses}},
	year="1999",
	booktitle={{ACM SIGMOD}},
	topic = "Data Warehousing",
	subtopic = "Selecting Views to Materialize"
} 

@InBook{Kotidis2002,
author = {{Yannis Kotidis}},
url= "http://www.research.att.com/%7Ekotidis/Publications/survey.pdf",
title = {{Handbook of Massive Data Sets}},
chapter = {{Aggregate View Management in Data Warehouses}},
publisher = {{Kluwer}},
year = {{2002}},
topic = "Data Warehousing",
subtopic = "Warehouse Maintenance"
}


	
      
@inproceedings{TheodoratosDynamic99,
        author="D. Theodoratos and T. Sellis",
        url="http://www.dbnet.ece.ntua.gr/%7Edwq/p44.pdf",
	title={{Dynamic Data Warehouse Design}},
	booktitle={{DaWaK}},
	year="1999",
	pages="1--10",
	topic = "Data Warehousing",
	subtopic = "Selecting Views to Materialize"
} 
      
      
@article{TheodoratosDesigning99,
        author="D. Theodoratos and T. Sellis", 
        url="http://www.dbnet.ece.ntua.gr/%7Edwq/p42.pdf",
	title={{Designing Data Warehouses}},
	journal="Data and Knowledge Engineering",
	volume="31",
	number="3",
	year="1999",
	pages="279--301",
	topic = "Data Warehousing",
	subtopic = "Selecting Views to Materialize"
} 
      
@inproceedings{ShoshaniOLAP97,
        author="A. Shoshani",
        url="http://www.lbl.gov/%7Earie/papers/olap.vs.sdb.paper.PODS97.ps",
	title={{{OLAP} and Statistical Databases: Similarities and Differences}},
	year="1997",
	pages="185--196",
	booktitle={{ACM PODS}},
	topic = "OLAP",
	subtopic = "General"
} 
      
      
@techreport{VassiliadisNTUA301,
        author="Panos Vassiliadis and Timos Sellis",
        url="http://www.dbnet.ece.ntua.gr/%7Edwq/p31.pdf",
	title={{A Survey on Logical Models for {OLAP} Databases}},
	number="DWQ-NTUA-301",
	note="accepted for publication at SIGMOD RECORD",
	topic = "OLAP",
	subtopic = "General"
} 
	
@techreport{Agrawalmmd,
        author="R. Agrawal and A. Gupta and S. Sarawagi", 
        url="http://www.almaden.ibm.com/cs/people/ragrawal/papers/md_model_rj.ps",
	title={{Modeling Multidimensional Databases}},
	booktitle={{ICDE}},
	year="1997", 
	topic = "OLAP",
	subtopic = "Modeling"
} 
	
	
	@inproceedings{ravat2007,
	author={Franck Ravat and Olivier Teste and Ronan Tournier and Gilles Zurfluh},
	title={A Conceptual Model for Multidimensional Analysis of Documents},
	booktitle={ER 2007},
	year={2007},
	pages={550--565},
	url={ftp://ftp.irit.fr/IRIT/SIG/%5BTournier-07%5D%20ER%20OLAP%20conceptual%20model.pdf},
	topic = "OLAP",
	subtopic = "Modeling"
	}
	
     
@inproceedings{Gyssensfmdd,
        author="M. Gyssens and L.V.S. Lakshmanan",
        url="ftp://ftp.cs.concordia.ca/pub/laks/papers/vldb97.ps.gz",
	title={{A foundation for multi-dimensional databases}},
	booktitle={{VLDB}},
	year="1997",
	pages="106--115",
	topic = "OLAP",
	subtopic = "Modeling"
} 
	
	
     
@inproceedings{Baueralt,
        author="Andreas Bauer and Wolfgang Hummer and Wolfgang Lehner",
        url="http://link.springer.de/link/service/series/0558/bibs/1874/18740189.htm",
	title={{An Alternative Relational {OLAP} Modeling Approach}},
	booktitle={{DAWAK}},
	year="2000",
	topic = "OLAP",
	subtopic = "Modeling"
} 
	
      
@inproceedings{Niemi99,
        author="Tapio Niemi and Jyrki Nummenmaa and Peter Thanisch", 
        url="http://link.springer.de/link/service/series/0558/bibs/1874/18740199.htm",
	title={{Functional Dependencies in Controlling Sparsity of {OLAP} Cubes}},
	booktitle= "DaWaK",
	year="2000",        
	topic = "OLAP",
	subtopic = "Modeling"
} 
	
      
@inproceedings{GolfarelliVertical,
        author="Matteo Golfarelli and Dario Maio and Stefano Rizzi", 
        url="http://link.springer.de/link/service/series/0558/bibs/1874/18740011.htm",
	title={{Applying Vertical Fragmentation Techniques in Logical Design of Multidimensional Databases}},
	booktitle= "DaWaK",
	year="2000",   
	topic = "OLAP",
	subtopic = "Modeling"
} 
	
      
@inproceedings{HurtadoReasoning,
        author="Carlos Hurtado and Alberto Mendelzon",
        url="http://www.cs.toronto.edu/%7Echl/papers/icdt01.ps",
	title={{Reasoning about Summarizability in Heterogeneous Multidimensional Schemas}},
	booktitle={{ICDT}},
	year="2001",
	topic = "OLAP",
	subtopic = "Modeling"
} 
	
@inproceedings{graycube,
        author="J. Gray and  A. Bosworth and  A. Layman and H. Pirahesh",
        title={{Data cube: a relational aggregation operator generalizing group-by, cross-tabs and subtotals}},
        journal="Data Mining and Knowledge Discovery",
        number="1",
        pages ="29--53",
        year="1997",
        url= "http://paul.rutgers.edu/%7Eaminabdu/cs541/cube_op.pdf",
        url2="ftp://ftp.research.microsoft.com/pub/tr/tr-95-22.doc",
	topic = "OLAP",
	subtopic = "Query Languages"
} 


@inproceedings{ravatadbis2007,
author={Franck Ravat and Olivier Teste and Ronan Tournier and Gilles Zurfluh},
title={Graphical Querying of Multidimensional Databases},
booktitle={ADBIS 2007},
pages={298--313},
year={2007},
url={ftp://ftp.irit.fr/IRIT/SIG/%5BTournier-07%5D%20ADBIS%202007.pdf},
topic="OLAP",
subtopic = "Query Languages"
}
      
      
@inproceedings{Chatziantoniou96,
        author="D. Chatziantoniou and K.A. Ross",
        url2="http://www.informatik.uni-trier.de/%7Eley/db/conf/vldb/ChatziantoniouR96.html",
	title={{Querying Multiple Features of Groups in Relational Database}},
        url="http://www.informatik.uni-trier.de/%7Eley/vldb/ChatziantoniouR96/Article.PS",
	booktitle={{VLDB}},
	year="1996",
	topic = "OLAP",
	subtopic = "Query Languages"
} 
	
	
      
@inproceedings{Libkin96,
        author="Leonid Libkin and Rona Machlin and Limsoon Wong", 
        url="http://www.acm.org/pubs/citations/proceedings/mod/233269/p228-libkin/",
	title={{A Query Language for Multidimensional Arrays: Design, Implementation, and Optimization Techniques}},
	booktitle={{ACM SIGMOD}},
	year="1996",
	pages="228--239.",
	topic = "OLAP",
	subtopic = "Query Languages"
} 
	
       
@inproceedings{HacidRule97,
        author="M. S. Hacid and P. Marcel and C. Rigotti", 
        url="http://www.blois.univ-tours.fr/%7Emarcel/CDB97.ps",
	title={{A Rule Based CQL for 2-Dimensional Tables}},
	booktitle={{Constraint Database Systems}},
	year="1997",
	pages="92--104",
	topic = "OLAP",
	subtopic = "Query Languages"
} 
	
       
@inproceedings{Hacidruleorderd97,
        author="M. S. Hacid and P. Marcel and C. Rigotti", 
        url="http://www.blois.univ-tours.fr/%7Emarcel/DDLP97.ps",
	title={{A Rule-Based Language for Ordered Multidimensional Databases}},
	booktitle={{Deductive Databases and Logic Programming}},
	year="1997",
        pages="69--81",
	topic = "OLAP",
	subtopic = "Query Languages"
} 
	 
       
@inproceedings{Hacidmarcel97,
        author="M. S. Hacid and P. Marcel and C. Rigotti", 
        url="http://www.blois.univ-tours.fr/%7Emarcel/DOOD97.ps",
	title={{A rule based data manipulation language for {OLAP} systems}},
	booktitle={{DOOD}},
	year="1997",
	topic = "OLAP",
	subtopic = "Query Languages"
} 
	
@COMMENT{ 
@inproceedings{Hacidfranco,
        author="M.S. Hacid  and P. Marcel  and C. Rigotti ",
        url="http://www.blois.univ-tours.fr/%7Emarcel/DMLOLAP.ps",
	title={{Rule-Based Restructuring and Summarizing in Multidimensional Databases}},
	booktitle={{JFPLC}},
	year="1998",
	topic = "OLAP",
	subtopic = "Query Languages"
} }
	
      
@inproceedings{Boulicautddlp98,
        author="J.-F. Boulicaut and P. Marcel and F. Pinet and C. Rigotti ", 
        url="http://www.blois.univ-tours.fr/%7Emarcel/DDLP98.ps",
	title={{Spreadsheet form generation from rule-based specifications}},
	booktitle={{DDLP}},
	year="1998",
	pages="59--70", 
	topic = "OLAP",
	subtopic = "Query Languages"
} 
	
      
@inproceedings{Boulicautdolap1999,
        author="J.-F. Boulicaut and P. Marcel  and C. Rigotti ",
        url="http://www.blois.univ-tours.fr/%7Emarcel/DOLAP99.ps",
	title={{Query driven knowledge discovery in multidimensional data}},  
	booktitle={{DOLAP}},
	year="1999",
	pages="87--93", 
	topic = "OLAP",
	subtopic = "Query Languages"
} 
	

      
@inproceedings{marcelnisj,
        author="P. Marcel",
        url="http://www.blois.univ-tours.fr/%7Emarcel/nisj.ps",
	title={{Modeling and querying multidimensional databases: An overview.}}, 
	journal="Networking and Information Systems Journal",
	volume="2",
	number="5",
	year="1999",
	pages="515--548", 
	topic = "OLAP",
	subtopic = "Query Languages"
} 


	


 
            
@inproceedings{MendelzonVaisman,
        author="Alberto Mendelzon and Alejandro Vaisman", 
        url="http://www.cs.toronto.edu/db/WebPage/files/TemporalQueriesInOLAP.pdf",
	title={{Temporal Queries in {OLAP}}},
	booktitle={{VLDB}},
	year="2000",
	topic = "OLAP",
	subtopic = "Query Languages"
} 
	
	
      
@inproceedings{Vaisman01,
        author="Alejandro Vaisman and Alberto Mendelzon",
        url="http://www.cs.toronto.edu/DB/WebPage/files/ATemporalQueryLanguageForOLAP.pdf",
	title={{A Temporal Query Language for {OLAP}: Implementation and a Case Study}},
	booktitle={{DBPL}},
	year="2001",
	topic = "OLAP",
	subtopic = "Query Languages"
} 
	
	
@inproceedings{Guptavldb95,
        author="A. Gupta and V. Harinarayan and D. Quass", 
        url="http://www-db.stanford.edu/pub/papers/vldb.ps",
	title={{Aggregate query processing in data warehousing environments}},
	booktitle={{VLDB}},
	year="1995", 
	pages="358--369",
	topic = "OLAP",
	subtopic = "Query evaluation - General"
} 
	
	
     
@inproceedings{Dyreson96,
        author="C. Dyreson", 
        url="http://www.informatik.uni-trier.de/%7Eley/db/conf/vldb/Dyreson96.html",
	title={{Information Retrieval from an Incomplete Data Cube}},
	booktitle={{VLDB}},
	year="1996",
	pages="532--543",
	topic = "OLAP",
	subtopic = "Query evaluation - General"
} 
	
      
@inproceedings{Shukla96,
        author="A. Shukla and P.M. Deshpande and J.F. Naughton and K. Ramasamy", 
        url="http://www.informatik.uni-trier.de/%7Eley/db/conf/vldb/ShuklaDNR96.html",
	title={{Storage Estimation for Multidimensional Aggregates in the Presence of Hierarchies}},
	booktitle={{VLDB}},
	year="1996",
	pages="522--531",
	topic = "OLAP",
	subtopic = "Query evaluation - General"
} 
	
      
@inproceedings{Agarwal96,
        author="S. Agarwal and R. Agrawal and P.M. Deshpande and A. Gupta and J.F. Naughton and R. Ramakrishnan and S. Sarawagi", 
        url="http://www.informatik.uni-trier.de/%7Eley/db/conf/vldb/AgarwalADGNRS96.html",
	title={{On the Computation of Multidimensional Aggregates}},
	booktitle={{VLDB}},
	year="1996", 
	pages="506--521",
	topic = "OLAP",
	subtopic = "Query evaluation - General"
} 
	
      
@inproceedings{Rao96,
        author="S.G. Rao and A. Badia and D. Van Gucht", 
	title={{Providing Better Support for a Class of Decision Support Queries}},
	booktitle={{ACM SIGMOD}},
	year="1996", 
	pages="217--227", 
        url="ftp://ftp.cs.indiana.edu/pub/techreports/TR452.ps.Z",
	topic = "OLAP",
	subtopic = "Query evaluation - General"
} 
	
      
@techreprot{Sarawagi10026,
        author="S. Sarawagi and R. Agrawal and A. Gupta", 
        url="http://www.almaden.ibm.com/cs/people/ragrawal/papers/cube_rj.ps",
	title={{On Computing the Data Cube}},
	number="10026",
        institution="{{IBM Almaden Research Center}}",
	year="1996",
	topic = "OLAP",
	subtopic = "Query evaluation - General"
} 

	
      
@article{Deshpande201,
        author="P.M. Deshpande and J.F. Naughton and K. Ramasamy and  A. Shukla and K. Tufte and Y. Zhao",
	title={{Cubing Algorithms, Storage Estimation, and Storage and Processing Alternatives for {OLAP}}},        
        url="ftp://ftp.research.microsoft.com/pub/debull/mar97-letfinal.ps",
        journal="IEEE Data Engineering Bulletin", 
	volume="20",
	number="1",
	pages="3--11", 
	month="March",
        year="1997",
	topic = "OLAP",
	subtopic = "Query evaluation - General"
} 
	
      
@article{Dyreson20119,
        author="C. Dyreson", 
	title={{Using an Incomplete Data Cube as a Summary Data Sieve}}, 
        url="ftp://ftp.research.microsoft.com/pub/debull/mar97-letfinal.ps",
        journal="IEEE Data Engineering Bulletin", 
	volume="20",
	number="1",
	pages="19--26", 
	month="March",
        year="1997",
	topic = "OLAP",
	subtopic = "Query evaluation - General"
}
      
@article{Harinarayan201,
        author="V. Harinarayan", 
	title={{Issues in Interactive Aggregation}},
        url="ftp://ftp.research.microsoft.com/pub/debull/mar97-letfinal.ps",
        journal="IEEE Data Engineering Bulletin", 
	volume="20",
	number="1",
	pages="12--18", 
	month="March",
        year="1997",
	topic = "OLAP",
	subtopic = "Query evaluation - General"
} 
	
      
@inproceedings{RoussopoulosRoussopoulos,
        author="N. Roussopoulos and Y. Kotidis and M. Roussopoulos", 
	title={{Cubetree: organization of and bulk incremental updates on the data cube}},
	booktitle={{ACM SIGMOD}},
	year="1997", 
	pages="89--99", 
        url="http://www.cs.umd.edu/%7Enick/projects/Abstract.html",
        note= "abstract and demo",
	topic = "OLAP",
	subtopic = "Query evaluation - General"
} 
	
     
@inproceedings{RossSrivastava,
        author="K.A. Ross and D. Srivastava", 
        url="http://www.cs.columbia.edu/%7Ekar/pubsk/fastcube.ps",
	title={{Fast Computation of Sparse Datacubes}},
	booktitle={{VLDB}},
	year="1997",
	pages="116--125",
	topic = "OLAP",
	subtopic = "Query evaluation - General"
}   
    
      
@inproceedings{Zhaosigmod97,
        author="Y. Zhao and P.M. Deshpande and  J.F. Naughton", 
        url="http://www.cs.wisc.edu/%7Ezhao/cube2.ps",
	title={{An Array-Based Algorithm for Simultaneous Multidimensional Aggregates}},
	booktitle={{ACM SIGMOD}},
	year="1997", 
	pages="159--170",
	topic = "OLAP",
	subtopic = "Query evaluation - General"
} 
	
      
@inproceedings{hobruck97,
        author="C.-T. Ho and J. Bruck and R. Agrawal", 
        url="http://www.acm.org/pubs/citations/proceedings/pods/263661/p228-ho/",
	title={{Partial-Sum Queries in {OLAP} Data Cubes Using Covering Codes}},
	booktitle={{ACM PODS}},
	year="1997", 
	pages="228--237",
	topic = "OLAP",
	subtopic = "Query evaluation - General"
} 
	
      
@inproceedings{smithli98,
        author="John R. Smith and Chung-Sheng Li and Vittorio Castelli and Anant Jhingran", 
        url="http://www.acm.org/pubs/citations/proceedings/pods/275487/p274-smith/",
	title={{Dynamic Assembly of Views in Data Cubes}},
	booktitle={{ACM PODS}},
	year="1998",
	pages="274--283",
	topic = "OLAP",
	subtopic = "Query evaluation - General"
} 
	
     
@inproceedings{zhaoicde98,
        author="Yihong Zhao and Karthikeyan Ramasamy and Kristin Tufte and Jeffrey F. Naughton", 
        url="http://www.cs.wisc.edu/%7Eramasamy/paper/array.ps",
	title={{Array-Based Evaluation of Multi-Dimensional Queries in Object Relational Database Systems}}, 
	booktitle={{ICDE}},
	year="1998",
	topic = "OLAP",
	subtopic = "Query evaluation - General"
} 
	
      
@inproceedings{zhaoDeshpande,
        author="Yihong Zhao and Prasad M. Deshpande and Jeffrey F. Naughton and Amit Shukla", 
        url="http://www.cs.wisc.edu/%7Ezhao/sigmod98.ps",
	title={{Simultaneous Optimization and Evaluation of Multiple Dimensional Queries}},
	booktitle={{ACM SIGMOD}},
	year="1998", 
	pages="271--282",
	topic = "OLAP",
	subtopic = "Query evaluation - General"
} 
	
      
@inproceedings{RossSrivastava,
        author="K. A. Ross and D. Srivastava and D. Chatziantoniou", 
        url="http://www.cs.columbia.edu/%7Ekar/pubsk/mfcubeedbt.ps",
	title={{Complex Aggregation at Multiple Granularities}},
	booktitle={{EDBT}},
	year="1998",
	topic = "OLAP",
	subtopic = "Query evaluation - General"
} 
	
      
@inproceedings{fang1998,
        author="M. Fang and N. Shivakumar and H. Garcia-Molina and R. Motwani and J. Ullman", 
        url="http://www-db.stanford.edu/pub/papers/iceberg-vldb98.ps",   
	title={{Computing iceberg queries efficiently}},
	booktitle={{VLDB}},
        year="1998",
	topic = "OLAP",
	subtopic = "Query evaluation - Iceberg"
}   


@inproceedings{evakuhn2003,
        author="Eva Kuhn ", 
        url="http://www.vldb.org/conf/2003/papers/S33P02.pdf",   
	title={{The Zero-Delay Data Warehouse: Mobilizing Heterogeneous Databases}},
	booktitle={{VLDB}},
        year="2003",
	topic = "Data Warehousing",
	subtopic = "General"
}



      
@inproceedings{Xinvldb2003,
        author="Dong Xin and Jiawei Han and Xiaolei Li and Benjamin W. Wah ", 
        url="http://www.vldb.org/conf/2003/papers/S15P02.pdf",   
	title={{Star-Cubing: Computing Iceberg Cubes by Top-Down and Bottom-Up Integration}},
	booktitle={{VLDB}},
        year="2003",
	topic = "OLAP",
	subtopic = "Query evaluation - Iceberg"
}   

     
@inproceedings{Jagadish99,
        author="H. V. Jagadish and Laks V. S. Lakshmanan and Divesh Srivastava", 
        url="http://www.research.att.com/%7Edivesh/papers/jls99-snakes.ps",   
	title={{Snakes and sandwiches: Optimal clustering strategies for a data warehouse}},
	booktitle={{ACM SIGMOD}},
	year="1999",
	topic = "OLAP",
	subtopic = "Query evaluation - General"
} 
	
      
@inproceedings{BalminPapakonstantinou,
        author="A. Balmin and Y. Papakonstantinou and T. Papadimitriou", 
        url="http://www.db.ucsd.edu/publications/sesame.pdf",   
	title={{Hypothetical Queries in an {OLAP} Environment}},
	booktitle={{VLDB}},
	year="2000",
	topic = "OLAP",
	subtopic = "Query evaluation - General"
} 
	
      
@inproceedings{RossZaman,
        author="K. A. Ross and K. A. Zaman",
        url="http://www.cs.columbia.edu/%7Ekar/pubsk/memcube.ps",   
	title={{Serving Datacube Tuples from Main Memory}},
	booktitle={{SSDBM}},
	year="2000",
	month="July",
	topic = "OLAP",
	subtopic = "Query evaluation - General"
} 
	
     
@inproceedings{RossZamanssdbm,
        author="K. A. Ross and K. A. Zaman", 
        url="http://www.cs.columbia.edu/%7Ekar/pubsk/selcube.ps",   
	title={{Optimizing Selections over Datacubes}},
	booktitle={{SSDBM}},
	month="July",
	year="2000",
	topic = "OLAP",
	subtopic = "Query evaluation - General"
} 
	
     
@inproceedings{ParkKim01,
        author="C.-S. Park and M. H. Kim and Y.-J. Lee",
	title={{Rewriting {OLAP} Queries Using Materialized Views and Dimension Hierarchies in Data Warehouses}},
	booktitle={{ICDE}},
	year="2001", 
        url="http://dbserver.kaist.ac.kr/%7Eparkcs/parkcs-rewriting-ICDE2001.ps",   
	topic = "OLAP",
	subtopic = "Query evaluation - General"
} 
	
      
@inproceedings{ParkLee001,
        author="C.-S. Park and M. H. Kim and Y.-J. Lee",
	title={{Finding an Efficient Rewriting of {OLAP} Queries Using Materialized Views in Data Warehouses}},
	journal="Decision Support Systems",
        year="2001",
        url="http://dbserver.kaist.ac.kr/%7Eparkcs/PKL01b.pdf",   
	topic = "OLAP",
	subtopic = "Query evaluation - General"
} 
@article{992883,
 author = {Seok-Ju Chun and Chin-Wan Chung and Seok-Lyong Lee},
 title = {Space-efficient cubes for OLAP range-sum queries},
 journal = {Decis. Support Syst.},
 volume = {37},
 number = {1},
 year = {2004},
 issn = {0167-9236},
 pages = {83--102},
 doi = {http://dx.doi.org/10.1016/S0167-9236(03)00003-4},
 publisher = {Elsevier Science Publishers B. V.},
 address = {Amsterdam, The Netherlands, The Netherlands},
      topic = "OLAP",
      subtopic = "Query evaluation - Range Queries",
url= "http://www.sm.luth.se/csee/csn/publications/Space-Efficient_Range-Sum_Queries_in_OLAP.pdf"
 }

@article{shahabi05,
      author="Cyrus Shahabi and  Mehrdad Jahangiri and Dimitris Sacharidis", 
      url="http://www.igi-online.com/downloads/pdf/ITJ2783_h8AQIgOg5Y.pdf",
      title={{Hybrid Query and Data Ordering for Fast and Progressive Range-Aggregate Query Answering}},
      journal={{International Journal of Data Warehousing and Mining}},
      Month={{April}},
      year="2005",
      topic = "OLAP",
      subtopic = "Query evaluation - Range Queries"
}
@article{Namoulis05,
      author="N. Mamoulis and S. Bakiras and P. Kalnis", 
      url="http://www.cs.ust.hk/~sbakiras/papers/sstd05_olap.pdf",
      title={{Evaluation of top-k OLAP queries using aggregate R-trees}},
      journal={{International Symposium on Spatial and Temporal Databases (SSTD)}},
      Month={{August}},
      year="2005",
      topic = "OLAP",
      subtopic = "Spatio-Temporal Applications"
}


@inproceedings{lemire02,
      author="Daniel Lemire", 
      url="http://www.daniel-lemire.com/fr/documents/publications/multihaar_final.pdf",
      title={{Wavelet-Based Relative Prefix Sum Methods for Range Sum Queries in Data Cubes}},
      booktitle={{CASCON}},
      year="2002",
      topic = "OLAP",
      subtopic = "Query evaluation - Range Queries"
} 

@inproceedings{nadeaucascon,
      author="Thomas P. Nadeau and Toby J. Teorey", 
      url="https://www-927.ibm.com/ibm/cas/archives/2001/papers/cascon01/pdf/nadeau.pdf",
      title={{A Pareto Model for {OLAP} View Size Estimation}},
      booktitle={{CASCON}},
      year="2001",
      topic = "OLAP",
      subtopic = "View Size Estimation"
} 
@inproceedings{yu05,
        author="Xiaohui Yu and Calisto Zuzarte and Kenneth C. Sevcik",
        title="Towards Estimating the Number of Distinct Value
Combinations for a Set of Attributes",
        url="http://www.cs.toronto.edu/~xhyu/research/papers/cikm05.pdf",
        booktitle={{CIKM'05}},
        year={2005},
      topic = "OLAP",
      subtopic = "View Size Estimation"
}



@article{shukla1996,
        title="Storage Estimation for Multidimensional Aggregates in the Presence of Hierarchies",
        author="Amit Shukla and Prasad M. Deshpande and Jeffrey F. Naughton and Karthikeyan Ramasamy",
        url="http://citeseer.ist.psu.edu/shukla96storage.html",
        journal="VLDB Journal",
        year="1996",
         topic = "OLAP",
      subtopic = "View Size Estimation"
}

@COMMENT{
@inproceedings{taocascon2003,
      author="Yingying Tao and Qiang Zhu and Calisto Zuzarte and Wing Lau", 
      url="https://www-927.ibm.com/ibm/cas/cascon/papers/cascon03/pdf/Tao.pdf",
      title={{Optimizing Large Star-Schema Queries with Snowflakes via Heuristic-Based Query Rewriting}},
      booktitle={{CASCON}},
      year="2003",
      topic = "OLAP",
      subtopic = "Query evaluation - General"
} }
      
@article{Poon296,
       author="C.K. Poon",  
       url="http://www.cs.cityu.edu.hk/%7Eckpoon/research/olap1full.ps",   
       title={{Dynamic Orthogonal Range Queries in {OLAP}}},
       journal="Theoretical Computer Science",
       volume="296",
       number="3",
       pages="487--510",
       year="2003",
       topic = "OLAP",
       subtopic = "Query evaluation - Range Queries"
} 
       
      
@inproceedings{PoonICDT2003,
      author="C.K. Poon", 
      url="http://www.cs.cityu.edu.hk/%7Eckpoon/research/olap2.ps",   
      title={{Optimal Range Max Datacube for Fixed Dimensions}}, 
      booktitle={{ICDT}},
      year="2003",
      pages="158--172",
      topic = "OLAP",
      subtopic = "Query evaluation - Range Queries"
} 
      

@inproceedings{ChoongLaurent2001,
      	author="Y.-W. Choong  and D. Laurent and P. Marcel ", 
        url="http://www.cs.brown.edu/courses/cs227/Papers/Visualization/Choong.pdf",   
	title={{Computing Appropriate Representations for  Multidimensional Data}},
	booktitle={{DOLAP}},
	year="2001",
	month="November", 
	topic = "OLAP",
	subtopic = "Visualization"
} 
	

      
@inproceedings{LabioQuass97,
        author="W. Labio and D. Quass and B. Adelberg", 
        url2="ftp://db.stanford.edu/pub/papers/view-short.ps",   
	title={{Physical Database Design for Data Warehousing}},
	booktitle={{ICDE}},
	year="1997",
        url="ftp://db.stanford.edu/pub/papers/view.ps",   
	topic = "OLAP",
	subtopic = "Indexing"
} 
	
@article{wu2006,
author="Kesheng Wu and Ekow Otoo and Arie Shoshani",
title="Optimizing Bitmap Indices With Efficient Compression",
journal="{ACM} Transactions on Database Systems",
volume="31",
pages="1-38",
year="2006",
topic="OLAP",
subtopic="Indexing",
url="http://crd.lbl.gov/~kewu/ps/LBNL-49626.pdf"
}      
@inproceedings{Gupta97,
        author="H. Gupta and V. Harinarayan and A. Rajaraman and J. Ullman", 
        url="ftp://db.stanford.edu/pub/papers/CubeIndex.ps",   
	title={{Index Selection for {OLAP}}},
	booktitle={{ICDE}},
	year="1997",
	topic = "OLAP",
	subtopic = "Indexing"
} 
	
      
@inproceedings{ONeilQuass,
        author="P. O'Neil and D. Quass", 
        url2="http://www.cs.umb.edu/%7Eponeil/varindex.ps",   
	title={{Improved query performance with variant indexes}},
	booktitle={{ACM SIGMOD}},
	year="1997",
	pages="38--49", 
        url="http://www.cs.umb.edu/%7Eponeil/varindexx.ps",   
	topic = "OLAP",
	subtopic = "Indexing"
} 
	
      
@inproceedings{INFORMIX-OnLine,
        author="Informix Corporation", 
        url="http://www.informix.com/informix/corpinfo/zines/whitpprs/wpxps.pdf",   
	title={{INFORMIX-OnLine Extended Parallel Server and INFORMIX-Universal Server: A New Generation of Decision-Support Indexing for Enterprise Data Warehouses}},
	topic = "OLAP",
	subtopic = "Indexing"
} 
	
      
@article{Johnson20_1,
        author="T. Johnson and D. Shasha",
	title={{Some Approaches to Index Design for Cube Forests}}, 
        url="ftp://ftp.research.microsoft.com/pub/debull/mar97-letfinal.ps",  
        journal="IEEE Data Engineering Bulletin", 
	volume="20",
	number="1",
	pages="27--35", 
	month="March",
        year="1997",
	topic = "OLAP",
	subtopic = "Indexing"
} 
	
      
@article{Sarawagi97,
        author="S. Sarawagi",  
	title={{Indexing {OLAP} Data}}, 
        url="ftp://ftp.research.microsoft.com/pub/debull/mar97-letfinal.ps",  
        journal="IEEE Data Engineering Bulletin", 
	volume="20",
	number="1",
	pages="36--43",
	month="March",
        year="1997",
	topic = "OLAP",
	subtopic = "Indexing"
} 
	
      
@inproceedings{Kotidis98,
        author="Yannis Kotidis and Nick Roussopoulos", 
        url="http://www.cs.umd.edu/%7Enick/papers/ROLAP-Views.html",   
	title={{An Alternative Storage Organization for {ROLAP} Aggregate Views Based on Cubetrees}},
	booktitle={{ACM SIGMOD}},
	year="1998",
	pages="249--258",
	topic = "OLAP",
	subtopic = "Indexing"
} 
	
      
@inproceedings{Chan98,
        author="C.Y. Chan and Y.E. Ioannidis", 
        url="http://www.cs.wisc.edu/%7Ecychan/101.ps",   
	title={{Bitmap Index Design and Evaluation}}, 
	booktitle={{ACM SIGMOD}},
	year="1998",
	pages="355--366",
	topic = "OLAP",
	subtopic = "Indexing"
} 

@article{zakerindex2008,
        author="Zaker, M., Phon-Amnuaisuk, S., and Haw, S.C.", 
        url="http://www.universitypress.org.uk/journals/cc/cc-21.pdf",   
	title={{An Adequate Design for Large Data Warehouse Systems: Bitmap Index Versus B-Tree Index}}, 
	journal={{International Journal of Computer and Communication}},
	year="2008",
	volume=2,
	number=2,
	pages="39--46",
	topic = "OLAP",
	subtopic = "Indexing"
} 
      
@inproceedings{ Wu98,
        author="M.C. Wu and A.P. Buchmann", 
        url="http://www.informatik.tu-darmstadt.de/DVS1/staff/wu/ieee_ebi.html",   
	title={{Encoded Bitmap Indexing for Data Warehouses}}, 
	booktitle={{ICDE}},
	year = "1998",
	pages="220-230",
	topic = "OLAP",
	subtopic = "Indexing"
} 
	
      

@inproceedings{Lei97,
        author="H. Lei and K. A. Ross",
	title={{Faster Joins, Self-Joins and Multi-Way Joins Using Join Indices}},
	booktitle={{Next Generation Information Technologies and Systems}}, 
	month="June",
	year="1997", 
        url="http://www.cs.columbia.edu/%7Ekar/pubsk/stripedke.ps",   
	note="Extended version to appear in Data and Knowledge Engineering",
	topic = "OLAP",
	subtopic = "Indexing"
} 
	
@inproceedings{Deshpande98,
        author="Prasad Deshpande and Karthikeyan Ramasamy and Amit Shukla and Jeffrey F. Naughton", 
        url="http://www.cs.wisc.edu/%7Eramasamy/paper/cache.ps",   
	title={{Caching Multidimensional Queries Using Chunks}},
	booktitle={{ACM SIGMOD}},
	year="1998",
	pages="259--270",
	topic = "OLAP",
	subtopic = "Storage and Chunks"
} 
	
      
@inproceedings{Deshpande00,
        author="Prasad Deshpande and Jeffrey F. Naughton", 
        url="http://www.cs.wisc.edu/%7Epmd/papers/edbt2000final.pdf",   
	title={{Aggregate Aware Caching for Multi-Dimensional Queries}},
	booktitle={{EDBT}},
	year="2000",
	topic = "OLAP",
	subtopic = "Storage and Chunks"
} 
	
@inproceedings{dolapcosta2003,
        author="J. P. Costa and P. Furtado",
	url="http://portal.acm.org/ft_gateway.cfm?id=956068&type=pdf",   
	title={{DSQoS - Distributed Architecture Providing QoS in Summary Warehouses}}, 
	booktitle={{DOLAP}},
	year="2003",
	city="New Orleans",
	month="November",
	topic = "Data Warehousing",
	subtopic = "Performance and Storage"
}        
@inproceedings{dolapgolfarelli2003,
        author="M. Golfarelli and E. Saltarelli",
	title={{The Workload You Have, the Workload You Would Like}}, 
	booktitle={{DOLAP}},
  url = "http://portal.acm.org/ft_gateway.cfm?id=956075&type=pdf",
	year="2003",
	city="New Orleans",
	month="November",
	topic = "Data Warehousing",
	subtopic = "Performance and Storage"
}
@inproceedings{dolapmaniatis2003,
        author="A. S. Maniatis and P. Vassiliadis and S. Skiadopoulos and Y. Vassiliou",
	url="http://www.cs.brown.edu/courses/cs227/Papers/Visualization/DOLAPmaniatis.pdf",   
	title={{Advanced Visualization for OLAP}}, 
	booktitle={{DOLAP}},
	year="2003",
	city="New Orleans",
	month="November",
	topic = "OLAP",
	subtopic = "Visualization"
}

@inproceedings{dolaprao2003,
        author="F. Rao and L. Zhang and X. L. Yu and Y. Li and Y. Chen",
	url="http://portal.acm.org/ft_gateway.cfm?id=956070&type=pdf",   
	title={{Spatial Hierarchy and OLAP-Favored Search in Spatial Data Warehouse}}, 
	booktitle={{DOLAP}},
	year="2003",
	city="New Orleans",
	month="November",
	topic = "OLAP",
	subtopic = "Spatio-Temporal Applications"
}

@inproceedings{dolapfan2003,
        author="H. Fan and A. Poulovassilis",
	url="http://www.dcs.bbk.ac.uk/%7Eap/pubs/dolap03.pdf",   
	title={{Using AutoMed Metadata in Data Warehousing Environments}}, 
	booktitle={{DOLAP}},
	year="2003",
	city="New Orleans",
	month="November",
	topic = "Data Warehousing",
	subtopic = "Data integration"
}


@inproceedings{dolapsismanis2003,
        author="Y. Sismanis and A. Deligiannakis",
	url="http://citeseer.ist.psu.edu/sismanis03hierarchical.html",   
	title={{Hierarchical Dwarfs for the Rollup Cube}}, 
	booktitle={{DOLAP}},
	year="2003",
	city="New Orleans",
	month="November",
	topic = "OLAP",
	subtopic = "Indexing"
}

@inproceedings{dolapabello2003,
        author="A. Abello and J. Samos and F. Saltor",
	url="http://portal.acm.org/ft_gateway.cfm?id=956071&type=pdf",   
	title={{Implementing Operations to Navigate Semantic Star Schemas}}, 
	booktitle={{DOLAP}},
	year="2003",
	city="New Orleans",
	month="November",
	topic = "OLAP",
	subtopic = "Query Languages"
}


@inproceedings{dolappedersen2003,
        author="D. Pedersen and T. B. Pedersen",
	url="http://portal.acm.org/ft_gateway.cfm?id=956066&type=pdf",   
	title={{Achieving Adaptivity for OLAP-XML Federations}}, 
	booktitle={{DOLAP}},
	year="2003",
	city="New Orleans",
	month="November",
	topic = "OLAP",
	subtopic = "XML"
}





@inproceedings{dolaptheodoratos2003,
        author="D. Theodoratos",
	url="http://portal.acm.org/ft_gateway.cfm?id=956072&type=pdf",   
	title={{Exploiting Hierarchical Clustering in Evaluating Multidimensional Aggregation Queries}}, 
	booktitle={{DOLAP}},
	year="2003",
	city="New Orleans",
	month="November",
	topic = "OLAP",
	subtopic = "Query evaluation - General"
}

@inproceedings{dolaphummer2003,
  author="W. Hummer and A. Bauer and G. Harde",
	url="http://portal.acm.org/ft_gateway.cfm?id=956067&type=pdf",   
	title="{{XCube} -- {XML} For {Data Warehouses}}", 
	booktitle={{DOLAP}},
	year="2003",
	city="New Orleans",
	month="November",
	topic = "OLAP",
	subtopic = "XML"
}
@inproceedings{cit05,
  author="Hongzhi Wang and Jianzhong Li and Zhenying He and Hong Gao",
	url="http://csdl2.computer.org/persagen/DLAbsToc.jsp?resourcePath=/dl/proceedings/&toc=comp/proceedings/cit/2005/2432/00/2432toc.xml&DOI=10.1109/CIT.2005.146",   
	title="{{OLAP for XML Data}}", 
        pages = "233--237",
	booktitle={{CIT05}},
	year="2005",
	topic = "OLAP",
	subtopic = "XML"
}


@inproceedings{dolapengstrom2003,
  author="H. Engstrom and S. Chakravarthy and B. Lings",
	url="http://portal.acm.org/ft_gateway.cfm?id=956074&type=pdf",   
	title={{Maintenance Policy Selection in Heterogeneous {Data Warehouse} Environments: A Heuristics-based Approach}}, 
	booktitle={{DOLAP}},
	year="2003",
	city="New Orleans",
	month="November",
	topic = "Data Warehousing",
	subtopic = "Warehouse Maintenance"
}


@article{kaser2006avr,
  title={{Attribute value reordering for efficient hybrid OLAP}},
  author={Kaser, O. and Lemire, D.},
  journal={Information Sciences},
  volume={176},
  number={16},
  pages={2304--2336},
  year={2006},
  publisher={Elsevier},
	url="http://www.daniel-lemire.com/fr/documents/publications/is2004_web.pdf",   
	topic = "OLAP",
	subtopic = "Storage and Chunks"

}

@inproceedings{kaserlemire03,
        author="O. Kaser and D. Lemire",
	url="http://www.daniel-lemire.com/fr/documents/publications/p19-kaser-nrc.pdf",   
	title={{Attribute Value Reordering for Efficient Hybrid {OLAP}}}, 
	booktitle={{DOLAP}},
	year="2003",
	city="New Orleans",
	month="November",
	topic = "OLAP",
	subtopic = "Storage and Chunks"
} 
@inproceedings{maniatis03,
	url="http://www.dbnet.ece.ntua.gr/%7Eandreas/publications/MVSV_DOLAP03_CR.pdf", 
    	author="Andreas S. Maniatis and Panos Vassiliadis and Spiros Skiadopoulos and Yannis Vassiliou",
      	title={{Advanced visualization for {OLAP}}},
	pages="9--16",
	booktitle={{DOLAP}},
	year="2003",
	city="New Orleans",
	month="November",
	topic = "OLAP",
	subtopic = "Visualization"
} 



@inproceedings{baaur02,
	url="http://www6.informatik.uni-erlangen.de/docs/HLBS02.pdf",
	author="Andreas Bauer and Wolfgang Hummer and Wolfgang Lehner and Lutz Schlesinger",
	title={{A Decathlon in Multidimensional Modelling: Open Issues and Some Solutions}},
	booktitle={{DaWaK}},
	month="September",
	year="2002",
	pages="274--285",
	topic="Data Warehousing",
	subtopic="Design"
}

@inproceedings{fan86,
      	url="http://www.dcs.bbk.ac.uk/%7Eap/pubs/dolap03.pdf",
    	author="Hao Fan and Alexandra Poulovassilis",
      	title={{Using AutoMed metadata in data warehousing environments}}, 
      	pages="86--93",
	booktitle={{DOLAP}},
	year="2003",
	city="New Orleans",
	month="November",
	topic = "Data Warehousing",
	subtopic = "Warehouse Maintenance"
} 

	
@misc{ibmolap,
        url="http://www.software.ibm.com/data/pubs/papers/",   
	title={{IBM}},
	topic = "OLAP",
	subtopic = "White Papers"
} 
	
      
@misc{oarcle,
        url="http://technet.oracle.com/",   
	title={{Oracle}},
	topic = "OLAP",
	subtopic = "White Papers"
} 
      
      
@misc{redbrkck,
        url="http://www.informix.com/informix/solutions/dw/Data_War.pdf",   
	title={{Red Brick/Informix}},
	topic = "OLAP",
	subtopic = "White Papers"
} 
	
      
@misc{microstrategy,
        url="http://www.microstrategy.com/publications/WhitePapers/Index.htm",   
	title={{MicroStrategy}},
	topic = "OLAP",
	subtopic = "White Papers"
} 
	
      
@misc{msdb,
        url="http://www.microsoft.com/data/oledb/olap/",   
	title={{Microsoft {OLE DB} for {OLAP}}},
	topic = "OLAP",
	subtopic = "White Papers"
} 
	
            
@misc{pilot,
        url="http://www.pilotsoftware.com/whitepaperlist.html",   
	title={{Pilot Software}},
	topic = "OLAP",
	subtopic = "White Papers"
}
@misc{kalido,
        url="http://www.kalido.com/resources/",   
	title={{Kalido}},
	topic = "Data Warehousing",
	subtopic = "White Papers"
}      
@misc{bobject,
        url="http://www.businessobjects.com/products/",   
	title={{Business Objects}},
	topic = "OLAP",
	subtopic = "White Papers"
} 
	
@misc{intersoftlab,
        url="http://www.contourcomponents.com/white_papers.htm",   
	title={{Contour Components Limited}},
	topic = "OLAP",
	subtopic = "White Papers"
} 
	      
@misc{comshare,
        url="http://www.comshare.com/library/mpcwhitepaper.pdf",   
	title={{Comshare}},
	topic = "OLAP",
	subtopic = "White Papers"
} 
	
     
@misc{council,
        url="http://www.olapcouncil.org/research/whtpaply.htm",  
	title={{OLAP Council}},
	topic = "OLAP",
	subtopic = "White Papers"
} 
	
      
@misc{cognos,
        url="http://support.cognos.com/consulting/cognos_approach/index.html",   
	title={{Cognos}},
	topic = "OLAP",
	subtopic = "White Papers"
} 
	
@misc{Palo,
	url="http://www.palo.net/",   
	title={{Multidimensional Database for Microsoft Excel}},
    	topic = "OLAP",
	subtopic = "Open Source Software"
}	
@misc{HydeMondrian,
	url="http://mondrian.sourceforge.net/",   
	author="Julian Hyde",
	title={{Mondrian {OLAP} Server, a java-based {ROLAP} engine running over existing relational databases}},
    	topic = "OLAP",
	subtopic = "Open Source Software"
} 

@misc{Octopus,
	url="http://octopus.objectweb.org/",   
	title={{Octopus Enhydra}},
    	topic = "Data Warehousing",
	subtopic = "Open Source Software"
} 
@misc{EclipseBirt,
	url="http://www.eclipse.org/birt/",   
	title={{Eclipse Birt}},
    	topic = "Data Warehousing",
	subtopic = "Open Source Software"
}

@TechReport{kase:compress-tr,
  author = 	 "Owen Kaser",
  title = 	 "Compressing {{MOLAP}} Arrays by Attribute-Value Reordering: An Experimental Analysis",
  institution =  "University of New Brunswick (Saint John), CSAS",
  year = 	 2002,
  number =	 {{TR-02-001}},
  month =	 "August",
  url="http://citeseer.ist.psu.edu/kaser02compressing.html",
	topic="OLAP",
	subtopic="Storage and Chunks"
}



@InProceedings{sism:dwarf,
  author = 	 "Yannis Sismanis and Antonios Deligiannakis and Nick Roussopoulus and Yannis Kotidis",
  title = 	 "Dwarf: Shrinking the PetaCube",
  booktitle =	 "ACM SIGMOD 2002",
  pages =	 {{464--475}},
  year =	 "2002",
  url="http://www.cs.umd.edu/Library/TRs/CS-TR-4342/CS-TR-4342.pdf",
  topic="OLAP",
  subtopic="Indexing"  
}





@InProceedings{dehn:CGM-OLAP-datamining,
	url="http://www.cs.dal.ca/%7Earc/publications/2-26/paper.pdf",
  author =	 "Frank Dehne and Todd Eavis and Andrew {{Rau-Chaplin}}",
  title =	 "Coarse Grained Parallel On-Line Analytical Processing ({{OLAP}}) for Data Mining",
  booktitle = "ICCS",
	year = "2001",
	topic="OLAP",
	subtopic="Query evaluation - Parallel"
}




@PhdThesis{goil:thesis,
  author = 	 "Sanjay Goil",
  title = 	 "High Performance On-line Analytical Processing and Data Mining on Parallel Computers",
  school = 	 "Dept. ECE, Northwestern University",
  year = 	 1999,
  url= "http://citeseer.ist.psu.edu/goil98high.html",
     topic="OLAP",
    subtopic="Query evaluation - Parallel"
}


@InProceedings{sara:efficient-storage,
	url="http://citeseer.ist.psu.edu/sarawagi94efficient.html",
	author = 	 "Sunita Sarawagi and Michael Stonebraker",
	title = 	 "Efficient Organization of Large Multidimensional Arrays",
  	booktitle = 	 "ICDE",
	year =	 "1994",
	month =	 "February",
	topic="OLAP",
	subtopic="Storage and Chunks"
    
  }


@inproceedings{zhao:arraybased,
 author = {{Yihong Zhao and Prasad M. Deshpande and Jeffrey F. Naughton}},
 title = {{An array-based algorithm for simultaneous multidimensional aggregates}},
 booktitle = {Proceedings of the 1997 ACM SIGMOD International Conference 
              on Management of Data},
 year = {{1997}},
 isbn = {{0-89791-911-4}},
 pages = {{159--170}},
 location = {{Tucson, Arizona, United States}},
 url = {{http://doi.acm.org/10.1145/253260.253288}},
 publisher = {{ACM Press}},
     topic="OLAP",
    subtopic="Storage and Chunks"
 }


@inproceedings{ barb:loglinear,
    author = "Daniel Barbar\'a and Xintao Wu",
    title = "Using Loglinear Models to Compress Datacube",
    booktitle = "Web-Age Information Management",
    pages = "311-322",
    year = "2000",
    url = "http://citeseer.ist.psu.edu/235258.html",
    topic="OLAP",
    subtopic="Compression"
}

@article{barb:approx,
  author    = {{Daniel Barbar{\'a} and Xintao Wu}},
  title     = {{The Role of Approximations in Maintaining and Using Aggregate Views}},
  journal   = {{IEEE Data Engineering Bulletin}},
  volume    = {{22}},
  number    = {{4}},
  year      = {{1999}},
  pages     = {{15-21}},
  ee        = {{db/journals/debu/BarbaraW99.html}},
  bibsource = {{DBLP, http://dblp.uni-trier.de}},
  url = {{http://dblp.uni-trier.de}},
  topic="Data Warehousing",
  subtopic="Warehouse Maintenance"
}
 
@inproceedings{ vitter99:approximate,
    author = "Jeffrey Scott Vitter and Min Wang",
    title = "Approximate computation of multidimensional aggregates of sparse data using wavelets",
    booktitle = "ACM SIGMOD",
    pages = "193--204",
    year = "1999",
    url = "http://citeseer.ist.psu.edu/vitter99approximate.html" ,
    topic="OLAP",
    subtopic="Query evaluation - Range Queries"
}

@inproceedings{ cheu:DROLAP,
    author = "David Wai-Lok Cheung and Bo Zhou and Ben Kao and Kan Hu and Sau Dan Lee",
    title = "{{DROLAP}} - A Dense-Region Based Approach to On-Line Analytical Processing",
    booktitle = "Database and Expert Systems Applications",
    pages = "761-770",
    year = "1999",
    url = "http://citeseer.ist.psu.edu/cheung99drolap.html" ,
    topic="OLAP",
    subtopic="Storage and Chunks" 
}

@article{ cheu:towards-DROLAP,
    author = "David Wai-Lok Cheung and Bo Zhou and Ben Kao and Hu Kan and Sau Dan Lee",
    title = "Towards the building of a dense-region-based {{OLAP}} system",
    journal = "Data and  Knowledge Engineering",
    volume = "36",
    number = "1",
    pages = "1-27",
    year = "2001",
    url = "http://citeseer.ist.psu.edu/361334.html",
    topic="OLAP",
    subtopic="Storage and Chunks"
}


@inproceedings{ ried:pcube00,
    author = "Mirek Riedewald and Divyakant Agrawal and Amr {{El Abbadi}}",
    title = "{{pCube}}: Update-Efficient Online Aggregation with Progressive Feedback and Error Bounds",
    booktitle = "SSDM",
    pages = "95-108",
    year = "2000",
    url = "http://citeseer.ist.psu.edu/article/riedewald00pcube.html" ,
    topic = "OLAP",
    subtopic="Query evaluation - General"
}






@Misc{KDDRepository,
 author = "S. Hettich and S. D. Bay",
 title={{The {UCI} {KDD} archive}},
 howpublished="http://kdd.ics.uci.edu, last checked on 6/7/2003",
 url="http://kdd.ics.uci.edu",
 institution = "University of California, Irvine",
 year = "2000",
 topic="OLAP",
 subtopic="Data Sets"
}

@Misc{WeatherSource,
 author = "C. Hahn and S. Warren and J. London",
 title = "Edited synoptic cloud reports from ships and land stations over the globe (1982-1991)",
 howpublished="http://cdiac.ornl.gov/epubs/ndp/ndp026b/ndp026b.htm, last checked on 6/7/2003",
 url="http://cdiac.ornl.gov/epubs/ndp/ndp026b/ndp026b.htm",
 year = "2001",
 topic="OLAP",
 subtopic="Data Sets"
}





@inproceedings{Kang2002,
 	title={{Exploiting Versions for On-line Data Warehouse Maintenance in {MOLAP} Servers}}, 
	 author="Heum-Geun Kang and Chin-Wan Chung",
	 booktitle={{VLDB}},
	 year = "2002",
	url="http://citeseer.ist.psu.edu/541932.html",
	topic = "OLAP",
	subtopic = "Cube Maintenance"	
}


@inproceedings{Body03,
  	author="M. Body and M. Miquel and Y. Bedard and A. Tchounikine", 
	title={{Handling Evolutions in Multidimensional Structures}},
	url="http://sirs.scg.ulaval.ca/yvanbedard/enseigne/SCG66124/316.pdf",
	booktitle={{ICDE}}, 
	year = "2003",
	topic = "OLAP",
	subtopic = "Cube Maintenance"
}

@inproceedings{Eder2001,
 	title={{Evolution of Dimension Data in Temporal Data Warehouses}},
 	author="Johann Eder and Christian Koncilia", 
 	booktitle={{DaWaK}},
 	year="2001",
	pages="284--293",
	url="http://citeseer.ist.psu.edu/461768.html",
	topic = "OLAP",
	subtopic = "Cube Maintenance"
}



@article{962153,
 author = {{Christian S. Jensen and Augustas Kligys and Torben Bach Pedersen and Igor Timko}},
 title = {{Multidimensional data modeling for location-based services}},
 journal = {{The VLDB Journal}},
 volume = {{13}},
 number = {{1}},
 year = {{2004}},
 issn = {{1066-8888}},
 pages = {{1--21}},
 url = {{http://portal.acm.org/citation.cfm?id=962153&jmp=cit&coll=portal&dl=ACM&CFID=16682089&CFTOKEN=35550861#}},
 note="ACM Membership required.",
 publisher = {{Springer-Verlag New York, Inc.}},
 topic="OLAP",
 subtopic="Location-Based Computing"
 }
@techreport{rangecube,
  title={{Range CUBE: Efficient Cube Computation by Exploiting Data Correlation}},
  author="Ying Feng and Divykant Agrawal and Amr El Abbadi and Ahmed Metwally",
  year="2003",
  number="16",
  institution="Department of Computer Science, University of California, Santa Barbara",
  url="http://www.cs.ucsb.edu/research/trcs/docs/2003-16.pdf",
  topic="OLAP",
  subtopic="Indexing"
}



@article{505244,
 author = {{Joseph M. Hellerstein and Elias Koutsoupias and Daniel P. Miranker and Christos H. Papadimitriou and Vasilis Samoladas}},
 title = {{On a model of indexability and its bounds for range queries}},
 journal = {{J. ACM}},
 volume = {{49}},
 number = {{1}},
 year = {{2002}},
 issn = {{0004-5411}},
 pages = {{35--55}},
 url = {{http://doi.acm.org/10.1145/505241.505244}},
 note="ACM Membership required",
 publisher = {{ACM Press}},
  topic="OLAP",
  subtopic="Indexing"
 }



@article{rivest2001,
	author="S. Rivest and Y. Bedard and P. Marchand",
	year="2001", 
	title={{Towards better support for spatial decision-making: Defining the characteristics of Spatial On-Line Analytical Processing ({SOLAP})}}, 
	journal="Geomatica, the journal of the Canadian Institute of Geomatics",
	volume="55", 
	number="2001",
	pages="539--555",
	topic="OLAP",
	subtopic="Spatio-Temporal Applications",
	url="http://sirs.scg.ulaval.ca/yvanbedard/enseigne/SCG66124/273_SOLAP.pdf"
}
@inproceedings{peano2003,
  title={{Efficient OLAP Operations for Spatial Data Using Peano Trees}}, 
  author="B. Wang and F. Pan and D. Ren and Y. Cui and D. Ding and W. Perrizo",
  booktitle={{8th ACM SIGMOD Workshop on Research Issues in Data Mining and Knowledge Discovery}}, 
  year="2003",
 	topic="OLAP",
	subtopic="Spatio-Temporal Applications",
	url="http://portal.acm.org/ft_gateway.cfm?id=882090&type=pdf"
}



@InBook{bedard2001,
	author="Y. Bedard and T. Merrett and J. Han", 
	year="2001",
	chapter="Fundamentals of Spatial Data Warehousing for Geographic Knowledge Discovery",
	title={{Geographic Data Mining and Knowledge Discovery}},
	editor="H. Miller and J. Han", 
	note="Research Monographs in GIS series edited by Peter Fisher and Jonathan Raper", 
	publisher="Taylor and Francis",
	pages="53--73",
	url="http://sirs.scg.ulaval.ca/yvanbedard/enseigne/SCG66124/266_GDKfinal.pdf",
	topic="OLAP",
	subtopic="Spatio-Temporal Applications"
}




@inproceedings{burdick_imprecise,
 author = {Doug Burdick and Prasad M. Deshpande and T. S. Jayram and Raghu Ramakrishnan and Shivakumar Vaithyanathan},
 title = {OLAP over uncertain and imprecise data},
 journal = {The VLDB Journal},
 volume = {16},
 number = {1},
 year = {2006},
 pages = {123--144},
  url="http://vldb.idi.ntnu.no/program/paper/fri/p970-burdick.pdf",
  topic="OLAP",
  subtopic="General"
}

@misc{barbara98quasicubes,
  author = "D. Barbara",
  title = "{Quasi-cubes}: A space-efficient way to support approximate multidimensional
    databases",
  year = "1998",
  url = "http://citeseer.ist.psu.edu/barbara98quasicubes.html",
  topic="OLAP",
  subtopic="Indexing"
  }


@inproceedings{ BUC,
    author = "Kevin Beyer and Raghu Ramakrishnan",
    title = "Bottom-up computation of sparse and {Iceberg {CUBE}}",
    pages = "359--370",
    year = "1999",
    url = "http://citeseer.ist.psu.edu/beyer99bottomup.html",
 topic="OLAP",
  subtopic="Indexing" }

@ARTICLE{casali_lattices,
  author = {Alain Casali and Rosine Cicchetti and Lotfi Lakhal},
  title = {Cube Lattices: a Framework for Multidimensional Data Mining},
  year = {2003},
  url = {http://www.coba.unt.edu/itds/courses/dsci4520/SIAMsdm03/sdm03_35.pdf},
  topic="OLAP",
  subtopic="Modeling"
}

  
@INPROCEEDINGS{hdimolap,
  author = {Xiaolei Li and Jiawei Han and Hector Gonzalez},
  title = {High-Dimensional OLAP: A Minimal Cubing Approach},
  booktitle = {VLDB},
  year = {2004},
  url = "http://www.cs.uiuc.edu/~hanj/pdf/vldb04_hdolap.pdf",
   topic="OLAP",
 subtopic="Storage and Chunks"
  
}


@INPROCEEDINGS{introllup,
  author = "Gayatri Sathe and Sunita Sarawagi",
    title = "Intelligent Rollups in Multidimensional {OLAP} Data",
    booktitle = "The {VLDB} Journal",
    pages = "531-540",
    year = "2001",
    url = "http://citeseer.ist.psu.edu/453749.html",
  topic="OLAP",
  subtopic="Query Languages"
}


@inproceedings{DBLP:conf/vldb/BurdickDJRV05,
  author    = {Douglas Burdick and
               Prasad Deshpande and
               T. S. Jayram and
               Raghu Ramakrishnan and
               Shivakumar Vaithyanathan},
  title     = {OLAP Over Uncertain and Imprecise Data.},
  booktitle = {VLDB},
  year      = {2005},
  pages     = {970-981},
  url        = {http://www.vldb2005.org/program/paper/fri/p970-burdick.pdf},
   topic="OLAP",
 subtopic="Uncertainty"
}

@inproceedings{DBLP:conf/pdpta/Momen-PourW00,
  author    = {Soroush Momen-Pour and
               Alan Wagner},
  title     = {Parallel Partitioned-Cube Algorithm.},
  booktitle = {PDPTA},
  year      = {2000},
  url = "http://castor.informatik.hu-berlin.de/rok/richling/Paper/PDPTA2000/vol3/p543.pdf",
  crossref  = {DBLP:conf/pdpta/2000},
  bibsource = {DBLP, http://dblp.uni-trier.de},
    topic="OLAP",
 subtopic="Query evaluation - Parallel"
}

@inproceedings{DBLP:conf/vldb/ChenCLR05,
  author    = {Bee-Chung Chen and
               Lei Chen and
               Yi Lin and
               Raghu Ramakrishnan},
  title     = {Prediction Cubes},
  booktitle = {VLDB},
  year      = {2005},
  pages     = {982-993},
  url        = {http://www.vldb2005.org/program/paper/fri/p982-chen.pdf},
  crossref  = {DBLP:conf/vldb/2005},
  bibsource = {DBLP, http://dblp.uni-trier.de},
   topic="OLAP",
 subtopic="Prediction"
}


@inproceedings{ mm-cubing,
        author = "Zheng Shao and Jiawei Han and Dong Xin",
        title = "{MM-Cubing}: Computing Iceberg Cubes by Factorizing the Lattice
                Space",
        booktitle = "Proceedings of the 16th International Conference on
                Scientific and Statitistical Database Management (SSDBM)",
        year = "2004",
        url = "http://citeseer.ist.psu.edu/shao04mmcubing.html",
 topic="OLAP",
 subtopic="Query evaluation - Iceberg"
 }

@article{10.1109/ICDE.2006.31,
author = {Dong Xin and Zheng Shao and Jiawei Han and Hongyan Liu},
title = {C-Cubing: Efficient Computation of Closed Cubes by Aggregation-Based Checking},
journal = {icde},
volume = {0},
year = {2006},
isbn = {0-7695-2570-9},
pages = {4},
url = {http://www.cs.uiuc.edu/~hanj/pdf/icde06_ccube.pdf},
publisher = {IEEE Computer Society},
address = {Los Alamitos, CA, USA},
 topic="OLAP",
 subtopic="Closed Cubes"
}

@ARTICLE{funcolap,
 author    = {Ken Q. Pu},
  title     = {Modeling, querying and reasoning about OLAP databases: a
               functional approach.},
  booktitle = {DOLAP},
  year      = {2005},
  pages     = {1-8},
  url        = {http://www.cs.toronto.edu/~kenpu/papers/dolap05.pdf},
topic="OLAP",
 subtopic="Modeling"
}
@book{celko_olap,
  author = "Celko Joe", 
  title = "Analytics and OLAP in SQL",
  publisher = {Morgan Kaufmann},
  year = {2006},
  topic="OLAP",
 subtopic="Query Languages"
 }
@BOOK{multidimdbs,
  editor    = {Maurizio Rafanelli},
  title     = {Multidimensional Databases: Problems and Solutions},
  publisher = {Idea Group},
  year      = {2003},
  isbn      = {1-59140-053-8},
  bibsource = {DBLP, http://dblp.uni-trier.de},
  topic="OLAP",
 subtopic="Modeling"
}

@inPROCEEDINGS{zaiane98discovering,
  title = {Discovering Web Access Patterns and
   Trends by Applying {OLAP} and Data Mining Technology on Web Logs},
  year = {1998},
  author = {Osmar R. Za{\"i}ane and Man Xin and Jiawei Han},
  booktitle = {Advances in Digital Libraries},
  pages = {19-29},
  url = {http://citeseer.ist.psu.edu/zaiane98discovering.html},
  topic="OLAP",
 subtopic="Web"
}

@BOOK{thomsen,
  title = {OLAP Solutions: Building Multidimensional Information Systems Second Edition},
  publisher = {Wiley Computer Publishing John Wiley \& Sons, Inc.},
  year = {2002},
  author = { Erik Thomsen},
  topic="OLAP",
 subtopic="General"
}
@inproceedings{cube-file,
  author = {Konstantinos Morfonios and Yannis Ioannidis},
 title = {{CURE} for cubes: cubing using a {ROLAP} engine},
 booktitle = {VLDB'2006},
 year = {2006},
 pages = {379--390},
url={http://www.vldb.org/conf/2006/p379-morfonios.pdf},
  topic="OLAP",
 subtopic="Indexing"
}

@Article{Szepkuti:2000:Scalability,
  author =         "Istv{\'a}n Sz{\'e}pk{\'u}ti",
  title =          "On the scalability of multidimensional databases",
  journal =        "Periodica Polytechnica Electrical Engineering",
  year =           "2000",
  volume =         "44",
  number =         "1",
  pages =          "103-119",
  URL =            "http://www.inf.u-szeged.hu/~szepkuti/ee2000_1_08.pdf",
  postscript-url = "http://www.inf.u-szeged.hu/~szepkuti/ee2000_1_08.ps",
  abstract-url =   "http://www.pp.bme.hu/ee/2000_1/ee2000_1_08.html",
  topic =          "OLAP",
  subtopic =       "Compression"
}

@Article{Szepkuti:2004:DifferenceSequence,
  author =         "Istv{\'a}n Sz{\'e}pk{\'u}ti",
  title =          "Difference sequence compression of multidimensional databases",
  journal =        "Periodica Polytechnica Electrical Engineering",
  year =           "2004",
  volume =         "48",
  number =         "3-4",
  pages =          "197218",
  URL =            "http://www.pp.bme.hu/ee/2004_3/pdf/ee2004_3_07.pdf",
  abstract-url =   "http://www.pp.bme.hu/ee/2004_3/ee2004_3_07.html",
  topic =          "OLAP",
  subtopic =       "Compression"
}


@Article{Szepkuti:2007:Caching,
  author =         "Istv{\'a}n Sz{\'e}pk{\'u}ti",
  title =          "Caching in multidimensional databases",
  journal =        "Periodica Polytechnica Electrical Engineering",
  year =           "2007",
  volume =         "51",
  number =         "3-4",
  pages =          "119-132",
  URL =            "http://www.pp.bme.hu/ee/2007_3/pdf/ee2007_3_06.pdf",
  abstract-url =   "http://www.pp.bme.hu/ee/2007_3/ee2007_3_06.html",
  topic =          "OLAP",
  subtopic =       "Storage and Chunks"
}

