@COMMENT{
This bibliography for Daniel Lemire's publications might not be
absolutely complete. Please visit http://www.ondelette.com/acadia/
to learn more about my research and publications.
}


@inproceedings{YLBMonet2004,
   author    = {Yuhong Yan and Daniel Lemire and Martin Brooks},
   title     = {Monotone Pieces Analysis for Qualitative Modeling},
   booktitle = {Proceedings of ECAI MONET'04},
   year      = {2004},
   url = {http://www.ondelette.com/lemire/documents/publications/ecai2004_nrc.pdf}
}

@article{LemireIR2003,
  author = 	 "Daniel Lemire",
    title = 	 "Scale and Translation Invariant Collaborative Filtering Systems",
      journal = 	 {Information Retrieval},
        volume =      "8",
        number = "1",
	  pages =       "129--150",
    month = "January",
	    year =         {2005}
	    }

@inproceedings{LemireDOLAP2003,
   author    = {Owen Kaser and Daniel Lemire},
   title     = {Attribute Value Reordering for Efficient Hybrid OLAP},
   booktitle = {Proceedings of DOLAP'03},
   organization = {ACM},
   month     = {November},
   year      = {2003},
   url = {http://www.ondelette.com/lemire/documents/publications/p19-kaser-nrc.pdf},
}


@inproceedings{LemireCOLA2003,
   author    = {Michelle Anderson and Marcel Ball and Harold Boley and Stephen Greene and Nancy Howse and Daniel Lemire and Sean McGrath},
   title     = {RACOFI: A Rule-Applying Collaborative Filtering System},
   booktitle = {Proceedings of COLA'03},
   organization = {IEEE/WIC},
   month     = {October},
   year      = {2003},
   url = {http://www.ondelette.com/lemire/documents/publications/racofi_nrc.pdf},
}

@conference{LemireMoncton2003,
   author    = {Daniel Lemire},
   title     = {Schémas de subdivision à étapes de degrés quadratique et cubique},
   organization = {Colloque des sciences mathématiques du Québec},
   year      = {2003},
}

@conference{LemireACFAS2003,
   author    = {Daniel Lemire},
   title     = {Schémas de subdivision à résolution élevée},
   organization = {ACFAS},
   year      = {2003},
}

@conference{LemireCMS2003,
   author    = {Daniel Lemire},
   title     = {Quadratic and Cubic 2-Step Subdivision Schemes},
   organization = {CMS},
   year      = {2003},
}
@conference{LemireMoncton96,
   author    = {Gilles Deslauriers and Serge Dubuc and Daniel Lemire},
   title     = {Interpolation des moments},
   booktitle = {Colloque des sciences mathématiques du Québec et de l'Atlantique},
   organization = {Université de Moncton},
   year      = {1996},
   firstpart-url = {http://www.ondelette.com/lemire/documents/publications/mmscb1.zip},
   secondpart-url = {http://www.ondelette.com/lemire/documents/publications/mmscb2.zip}
}


@techreport{Lemire-EPM,
   author    = {Gilles Deslauriers and Serge Dubuc and Daniel Lemire},
   title     = {Derivatives of the Lagrange iterative interpolation and Cohen-Daubechies-Feauveau wavelets},
   institution = {École Polytechnique de Montréal},
   year      = {1997},
   month     = {April},
   number    = {EPM/RT-97/28},
   note      = {Also published in French.},
   url       = {http://www.ondelette.com/lemire/documents/publications/echap2.pdf},
   french-url = {http://www.ondelette.com/lemire/documents/publications/fchap2.pdf}
}


@inproceedings{LemireUQTR1997,
   author    = {Daniel Lemire},
   title     = {Traitement d'images par ondelettes non séparables},
   booktitle = {Colloque des sciences mathématiques du Québec},
   organization = {UQTR},
   year      = {1997}
}


@misc{LemireUdeM1997,
   author    = {Gilles Deslauriers and Serge Dubuc and Daniel Lemire},
   title     = {Exemples simples de débruitage par ondelettes},
   year      = {1997},
   howpublished = {Invited Talk, Séminaire de mathématiques appliquées, Université de Montréal},
   note      = {with collaboration from Michael Mackey},
   editor    = {Christiane Rousseau},
   url       = {http://www.ondelette.com/acadia/documents/publications/udemh97.zip}
}


@misc{LemireSacreCoeur1998,
   author    = {Daniel Lemire},
   title     = {Analyse de l'onde T par ondelettes: le matching pursuit, l'I.C.F. et la transformation de Karhunen-Loeve},
   year      = {1998},
   month     = {September},
   howpublished = {Invited talk, Centre de recherche de l'Hopital Sacré-Coeur de Montréal}
}


@conference{Lemiresciencemath1998,
   author    = {Daniel Lemire},
   title     = {Traitement du signal par ondelettes pour l'analyse de la morphologie de l'onde T et du segment ST chez des porcs},
   booktitle = {Colloque des sciences mathématiques du Québec},
   organization = {Université de Montréal},
   year      = {1998}
}


@phdthesis{TheseLemire,
   author    = {Daniel Lemire},
   title     = {Schémas d'interpolation et ondelettes},
   year      = {1998},
   month     = {March},
   school    = {École Polytechnique de Montréal},
   url       = {http://www.ondelette.com/lemire/documents/publications/TheseLemire.pdf}
}


@conference{lemireacfas1998,
   author    = {Gilles Deslauriers and Serge Dubuc and Daniel Lemire},
   title     = {Interpolation itérative et ondelettes},
   booktitle = {66ième congrès de l'Acfas},
   organization = {Université Laval, Québec},
   year      = {1998},
   month     = {May}
}


@conference{Lemire99geo,
   author    = {Alain Béliveau and Daniel Lemire},
   title     = {Géophysique, traitement du signal et analyse numérique},
   booktitle = {congres Geologie Quebec},
   organization = {gouvernement du Quebec},
   year      = {1999}
}


@techreport{Lemirewhitepaper99,
   author    = {Alain Béliveau and Daniel Lemire},
   title     = {White paper on Image Compression using the Fasti Waveelet Transform},
   institution = {Compression Images, Réseaux et Automatismes (CIRA)},
   year      = {1999},
   month     = {March},
   url       = {http://www.ondelette.com/CIRA/whitepaperCIRA_(English)_2_2.pdf}
}


@article{lemireannales1999
,
   author    = {Gilles Deslauriers and Serge Dubuc and Daniel Lemire},
   title     = {Une famille d'ondelettes biorthogonales sur l'intervalle obtenue par un schéma d'interpolation itérative},
   journal   = {Annales des sciences mathématiques du Québec},
   pages     = {37-48},
   year      = {1999},
   volume    = {23},
   number    = {1},
   url = {http://www.ondelette.com/lemire/documents/publications/bordsgen.pdf}
}


@conference{lemirecmbec1999,
   author    = {Daniel Lemire and Chantal Pharand and Jean-Claude Rajaonah and Bruno Dubé and A.-Robert LeBlanc},
   title     = {Wavelet Time Entropy and T Wave Morphology},
   booktitle = {CMBEC 25, London},
   year      = {1999},
   month     = {June},
   url = {http://www.ondelette.com/lemire/documents/igb/CMBEC25_1999.pdf}
}


@techreport{lemirethem1999-02,
   author    = {Daniel Lemire},
   title     = {Rapport sur un nouvel algorithm de correction de la ligne de base pour THEM Geophysics, Splines interpolation des moyennes et moindres carrés (SIM)},
   institution = {THEM Geophysics Inc.},
   year      = {1999},
   number    = {THEM1999-02},
   url = {http://www.ondelette.com/THEM/word/1999/THEM1999_02.pdf}
}
@article{lemireieee2000,
   author    = {Daniel Lemire and Chantal Pharand and Jean-Claude Rajaonah and Bruno Dubé and A.-Robert LeBlanc},
   title     = {Wavelet time entropy, T wave morphology and myocardial ischemia},
   journal   = {IEEE Transactions in Biomedical Engineering},
   year      = {2000},
   month     = {July},
   volume    = {47},
   number    = {7},
   url = {http://www.ondelette.com/lemire/documents/igb/IGBarticle28sept98_13.pdf}
}

@conference{lemirewebtek2000,
   author    = {Daniel Lemire},
   title     = {Compression d'images par ondelettes et technologies Web},
   booktitle = {WebTek, Québec},
   year      = {2000},
   month     = {March}
}


@misc{lemirecamiro2001,
   author    = {Daniel Lemire},
   title     = {Recent mathematical advances in EM modelling for mineral exploration},
   year      = {2001},
   month     = {January},
   howpublished = {Invited talk, Canadian Mining Industry Research Organization (CAMIRO), Toronto},
   url = {http://www.ondelette.com/THEM/Powerpoint/Toronto15jan2001/presentation.pdf}
}

@article{lemirejfaa2001,
author="Dubuc, Serge and  Lemire, Daniel and  Merrien, Jean-Louis",
title="{Fourier analysis of 2-point Hermite interpolatory subdivision schemes.}",
journal="J. Fourier Anal. Appl. ",
volume="7",
number="5",
pages="537-552",
year={2001},
}


@techreport{lemirethem2001,
   author    = {Daniel Lemire},
   title     = {Baseline asymmetry, Tau projection, B-field estimation and automatic half-cycle rejection},
   institution = {THEM Geophysics Inc.},
   year      = {2001},
   month     = {February},
   number    = {THEM2001-02},
   url = {http://www.ondelette.com/THEM/word/2001/THEM2001_02.pdf}
}

@techreport{lemirethem2001-01,
   author    = {Daniel Lemire},
   title     = {Off-time denoising : is stacking the solution?},
   institution = {THEM Geophysics Inc.},
   year      = {2001},
   month     = {January},
   number    = {THEM2001-01},
   url = {http://www.ondelette.com/THEM/word/2001/THEM2001_01.pdf}
}



@conference{Lemire2002SaintMalo,
   author    = {Daniel Lemire},
   title     = {A family of 4-point Dyadic High Resolution Subdivision Schemes},
   booktitle = {Curves and Surfaces, Saint-Malo},
   year      = {2002},
   month     = {June},
   abstract-url = {http://www.ondelette.com/lemire/documents/publications/SaintMaloDLemire.pdf}
}


@techreport{lemireacadiareport,
   author    = {Daniel Lemire},
   title     = {Local Interpolation by High Resolution Subdivision Schemes},
   institution = {Mathematics and Statistics Department, Acadia University},
   year      = {2002},
   month     = {April},
   number    = {200205-01},
   url 	     ={http://ace.acadiau.ca/MATH/tech_reports/200205-01.pdf}
}

@inproceedings{LemireCS2002,
   author    = {Daniel Lemire},
   title     = {A Family of 4-Point Dyadic Multistep Subdivision Schemes},
   booktitle = {Proceedings of Curves and Surfaces 2002},
   month     = {June},
   year      = {2002},
   pages	   = {259-268},
   url = {http://www.ondelette.com/lemire/documents/publications/CS2002.pdf}
}

@inproceedings{LemireCASCON2002,
   author    = {Daniel Lemire},
   title     = {Wavelet-Based Relative Prefix Sum Methods for Range Sum Queries in Data Cubes},
   booktitle = {Proceedings of CASCON 2002},
   organization = {IBM},
   month     = {October},
   year      = {2002},
   url = {http://www.ondelette.com/lemire/documents/publications/multihaar_final.pdf},
}

@misc{lemireunb2002,
   author    = {Daniel Lemire},
   title     = {High Resolution Subdivision Schemes},
   year      = {2002},
   month     = {October 2002},
   howpublished = {UNB Math. & Stat. Colloquium, Fredericton, Canada},
}

@misc{lemireottawa2002,
   author    = {Daniel Lemire},
   title     = {Recent mathematical advances in EM modelling for mineral exploration},
   year      = {2002},
   month     = {December},
   howpublished = {NRC-IIT Colloquium, Ottawa, Canada},
}
